2038 3313
706 604 1048 661 NOTITIA
1101 604 1478 661 CODICUM

483 773 544 802 EX
568 773 747 811 QUIBUS
774 773 1077 804 MONUMENTA
1102 774 1151 803 IN
1175 774 1271 804 HOC
1295 774 1453 803 OPERE
1477 774 1711 804 EXHIBITA

910 899 1276 930 DEPROMUNTUR
1286 920 1292 928 .

366 1055 627 1110 Antequam
652 1055 708 1097 ad
736 1053 1023 1110 singulorum
1054 1052 1261 1096 codicum
1291 1053 1639 1109 descriptionem
1669 1053 1920 1106 veniamus,

276 1132 367 1175 duo
390 1131 805 1176 animadvertenda.
836 1130 1038 1174 Primum
1062 1130 1261 1186 quidem,
1294 1130 1533 1173 maximam
1556 1130 1927 1187 potissimamque

277 1209 487 1253 codicum
505 1225 531 1252 a
553 1208 684 1252 nobis
707 1208 1013 1252 adhibitorum
1037 1215 1210 1265 partem
1234 1210 1290 1252 ad
1322 1208 1524 1252 diversas
1548 1208 1789 1253 Societatis
1815 1211 1927 1267 Jesu

277 1289 453 1341 domos,
479 1286 672 1343 collegia
694 1294 740 1330 et
762 1286 1018 1343 provincias
1042 1286 1282 1343 pertinere,
1309 1301 1394 1330 nec
1414 1286 1603 1343 proinde
1633 1301 1724 1329 uno
1753 1286 1800 1329 in
1827 1288 1927 1330 1000

278 1365 515 1418 asservari,
541 1365 631 1408 imo
656 1366 915 1422 frequenter
937 1366 994 1408 ab
1019 1379 1109 1408 una
1131 1364 1177 1407 in
1200 1364 1330 1408 aliam
1349 1365 1550 1417 domum,
1571 1380 1652 1421 pro
1676 1372 1928 1421 temporum

279 1443 460 1500 injuria,
487 1444 598 1486 tales
626 1442 807 1486 codices
837 1443 1151 1486 tranferendos
1181 1442 1334 1486 fuisse.
1370 1442 1762 1499 Quotiescumque
1790 1442 1931 1499 igitur

281 1521 329 1564 in
356 1520 662 1578 descriptione
699 1520 891 1576 alicujus
929 1520 1099 1563 codicis
1138 1520 1362 1563 tacebitur
1399 1521 1526 1563 locus
1563 1520 1641 1563 ubi
1674 1527 1837 1573 exstat,
1878 1535 1932 1564 eo

282 1598 382 1655 ipso
405 1598 680 1642 indicabitur
704 1598 838 1642 talem
860 1598 1063 1642 codicem
1087 1597 1204 1642 inter
1222 1598 1464 1643 Societatis
1475 1600 1586 1655 Jesu
1611 1613 1748 1641 manu
1766 1598 1933 1655 scripta

284 1676 560 1721 conservari.

374 1755 585 1809 Alterum
608 1761 692 1807 est,
718 1769 877 1798 omnes
905 1754 1085 1798 codices
1113 1755 1229 1799 infra
1252 1761 1643 1807 commemoratos,
1670 1756 1934 1798 chartaceos

284 1848 399 1885 esse,
426 1848 510 1876 nec
527 1833 715 1890 proinde
737 1833 783 1875 id
805 1833 851 1875 in
874 1848 1150 1889 unaquaque
1167 1832 1470 1889 descriptione
1486 1832 1741 1875 iterandum
1761 1833 1869 1876 fore.

378 1911 599 1964 Tertium,
626 1912 683 1954 ad
706 1911 908 1955 ordinem
932 1918 1121 1968 spectat,
1149 1927 1239 1967 quo
1261 1911 1467 1954 diversos
1489 1910 1671 1953 codices
1694 1925 1934 1954 recensen-

288 1990 371 2033 dos
393 1988 622 2043 duximus3
648 1989 794 2046 primo
818 1989 936 2032 enim
962 1990 1063 2032 1000
1087 2004 1308 2045 ponemus
1331 1989 1446 2042 illos,
1473 2004 1665 2045 quorum
1684 1996 1842 2032 auctor
1862 1989 1934 2032 vel

291 2067 505 2110 collector
527 2066 676 2110 extitit
698 2066 795 2123 ipse
819 2068 870 2109 Ρ.
899 2067 1059 2119 Nadal;
1087 2066 1251 2110 deinde
1275 2067 1486 2122 reliquos.

547 2230 814 2274 CODICES
838 2230 972 2274 MSS.
1004 2232 1054 2272 P.
1084 2230 1436 2273 HIERONYMI
1461 2230 1678 2272 NADAL

997 2342 1181 2383 Codex
1214 2344 1239 2382 Ι

391 2457 676 2500 «Clzronicou
701 2458 886 2500 Natalis
909 2458 1003 2500 iam
1027 2458 1133 2500 inde
1156 2473 1184 2500 cz
1199 2458 1433 2514 principio
1455 2458 1701 2500 vocationis
1723 2470 1940 2500 suae.»—

298 2536 407 2593 Ejus
431 2535 778 2592 descriptionem
803 2535 905 2579 vide
928 2535 1059 2589 infra,
1092 2535 1138 2578 in
1167 2535 1298 2592 primi
1327 2536 1464 2592 hujus
1492 2534 1733 2578 voluminis
1762 2549 1866 2591 pag.
1901 2547 1937 2585 Ι,

299 2621 454 2658 annot.
488 2627 523 2657 Ι.

391 2691 478 2736 Hic
501 2691 644 2735 codex
667 2706 692 2734 a
715 2690 845 2734 nobis
867 2692 953 2734 hoc
977 2692 1110 2734 modo
1133 2690 1360 2734 citabitur:
1391 2692 1559 2734 Clm'on.
1590 2690 1744 2732 Natal.

1006 2815 1189 2856 Codex
1217 2817 1259 2857 2

394 2929 450 2969 P.
487 2926 671 2969 Natalis
703 2925 1248 2983 ephemerides—Codex
1277 2924 1503 2980 oblongus
1532 2923 1578 2966 in
1609 2934 1680 2977 40
1714 2923 1945 2966 dimidiato

302 3007 380 3053 (21
405 3014 458 3050 ><
483 3003 509 3046 8
531 3005 679 3059 cena),
704 3009 909 3047 recenter
931 3009 1213 3058 compactus,
1246 3007 1290 3044 et
1321 3003 1407 3044 hac
1430 3000 1474 3044 in
1498 3001 1632 3044 dorso
1654 2999 1947 3057 inscriptione
