2038 3313
311 203 379 239 316
883 201 1021 236 EPIST.
1051 200 1094 235 P.
1123 199 1381 244 NADAL—79

308 305 412 362 gios
448 305 600 356 hasta,
633 317 763 346 como
795 302 976 359 pienso,
1009 301 1157 345 medio
1187 300 1477 354 Settiembre,
1510 316 1539 357 y
1568 315 1625 344 en
1655 306 1751 344 este
1784 298 1953 355 tiempo

307 382 466 440 pienso
488 381 629 438 podre
650 387 743 425 star
773 396 830 425 en
859 378 1113 433 Florentia,
1145 383 1172 422 0
1201 377 1416 435 partirme
1444 378 1562 422 della
1590 392 1698 434 para
1726 378 1892 421 Loreto
1923 391 1953 432 y

312 462 498 514 Perosa,
523 463 550 502 0
573 473 707 502 como
733 458 873 502 meior
897 460 1135 514 parescera
1158 460 1183 499 0
1206 457 1263 500 V.
1293 458 1345 499 Ρ.
1373 470 1463 511 000
1485 457 1621 511 haga,
1648 461 1736 499 etc.

402 550 442 580 2.
510 538 655 581 Sobre
693 536 764 579 105
802 536 915 578 0000
954 534 1200 578 thudescos
1242 535 1251 555 ¹
1292 548 1478 590 paresce
1515 547 1624 588 muy
1653 531 1758 575 bien
1787 532 1830 574 10
1868 547 1957 587 000

314 617 371 660 V.
400 617 450 658 P.
475 614 638 658 scriue:
669 613 712 656 io
743 628 803 656 no
834 613 898 657 les
927 615 1118 668 prometi
1149 611 1248 654 sino
1277 626 1493 667 procurar
1521 625 1603 666 por
1631 610 1764 663 ellos,
1796 616 1903 662 etc.;
1928 623 1958 665 y

314 707 444 736 como
467 707 525 735 no
542 695 643 735 Veia
661 692 801 748 algun
819 689 1024 734 subiecto
1042 689 1142 732 sino
1160 689 1387 733 mediocre
1404 692 1431 732 0
1448 703 1623 741 menos,
1643 702 1702 730 no
1721 702 1793 732 me
1810 689 1960 729 mouia

316 778 463 814 tanto:
507 770 689 813 todauia
718 767 955 824 qualquier
985 768 1208 811 thudesco
1237 766 1460 810 catholico
1490 781 1519 822 y
1546 765 1782 810 sacerdote
1814 765 1962 821 puede

317 850 483 892 mucho
521 847 676 892 aiudar
705 847 805 889 alla.
841 846 893 888 El
923 845 1056 888 modo
1086 859 1175 900 que
1204 846 1260 889 V.
1298 846 1350 887 P.
1384 844 1442 887 da
1469 857 1656 900 paresce
1691 857 1800 898 muy
1838 840 1958 886 bien:

319 941 408 982 que
431 940 615 982 vengan
638 940 695 969 en
718 924 852 979 00001
875 923 1029 976 modo,
1055 938 1084 979 y
1107 937 1222 979 poco
1244 926 1269 965 0
1292 937 1423 978 0000,
1449 928 1536 966 etc.

410 1018 450 1059 3.
517 1004 563 1047 Io
587 1005 710 1047 tenia
732 1001 883 1045 animo
907 1002 964 1045 de
987 1000 1158 1045 embiar
1186 1004 1212 1043 a
1241 1002 1298 1044 V.
1334 1001 1385 1043 P.
1421 1000 1450 1042 l’
1481 999 1622 1044 orden
1653 1013 1741 1054 que
1769 999 1885 1043 dexo
1908 1013 1965 1042 en

318 1083 387 1125 los
409 1081 644 1138 collegios,
670 1096 699 1137 y
723 1080 856 1135 aquel
878 1080 935 1123 de
964 1077 1164 1132 Vienna3
1197 1094 1225 1134 y
1254 1078 1451 1134 despues
1478 1079 1535 1122 he
1563 1077 1764 1133 pensado
1796 1077 1853 1120 de
1884 1075 1966 1119 de-

323 1161 448 1203 xarlo
472 1174 580 1216 para
602 1159 645 1202 la
677 1157 809 1210 vista,
846 1172 875 1213 y
908 1157 1005 1200 solo
1037 1155 1199 1199 scriuir
1231 1156 1272 1200 la
1304 1170 1481 1199 summa
1513 1171 1570 1199 en
1603 1162 1700 1199 este
1731 1146 1897 1209 medio,
1932 1152 1970 1197 si

322 1239 379 1282 V.
407 1239 443 1281 Ρ
452 1272 460 1280 .
486 1252 547 1280 no
570 1251 642 1280 me
665 1236 834 1280 ordena
856 1241 954 1277 otra
977 1248 1096 1277 0050.

412 1328 455 1370 4.
522 1315 588 1358 Lo
611 1329 700 1369 que
722 1315 845 1369 hago
869 1314 1000 1355 hasta
1023 1315 1127 1368 aqui
1151 1327 1208 1356 en
1231 1318 1354 1356 estos
1375 1312 1457 1354 dos
1479 1312 1537 1356 de
1554 1311 1748 1356 Venetia
1764 1326 1792 1366 y
1813 1311 1970 1353 Padua

322 1409 371 1438 05
393 1393 596 1437 declarar
619 1407 676 1436 00
699 1391 893 1447 algunas
915 1389 1128 1447 praticas,
1154 1390 1234 1432 lzoc
1255 1392 1319 1431 est
1342 1389 1369 1431 6
1392 1392 1418 1432 0
1443 1400 1484 1443 7,
1510 1389 1554 1431 10
1571 1387 1834 1432 substancia
1855 1388 1912 1431 de
1927 1388 1970 1430 10

324 1473 612 1527 Compagnia
633 1485 662 1526 y
685 1468 895 1512 instituto
918 1475 1124 1520 nuestro,
1146 1468 1343 1511 sacando
1367 1468 1472 1510 toda
1494 1481 1601 1510 0050
1623 1467 1697 1510 001
1720 1481 1909 1510 examen
1942 1481 1970 1522 y

322 1548 687 1600 constitutiones,
714 1562 742 1603 y
766 1546 954 1589 instruir
977 1547 1019 1589 10
1043 1560 1132 1601 000
1154 1546 1305 1602 puedo
1329 1560 1386 1589 00
1409 1545 1452 1588 10
1469 1543 1744 1597 obedientia,
1771 1559 1801 1600 y
1818 1544 1970 1587 decla-

321 1628 460 1671 rarles
483 1627 625 1682 algun
648 1640 762 1681 poco
786 1625 920 1668 sobre
942 1625 985 1667 10
1008 1623 1202 1678 oration,
1230 1624 1447 1666 tomando
1469 1623 1513 1665 10
1536 1636 1625 1678 000
1646 1636 1833 1679 paresce
1861 1636 1947 1664 con
1963 1647 1972 1651 -

323 1705 451 1750 uenir
474 1709 499 1748 0
523 1705 656 1747 todos
679 1704 736 1747 de
759 1703 827 1746 105
850 1702 1106 1747 exercitios:
1132 1717 1161 1758 y
1184 1701 1508 1758 specialmente
1531 1701 1595 1745 les
1619 1700 1800 1744 declaro
1822 1700 1865 1742 10
1886 1698 1969 1742 im-

322 1782 548 1840 portantia
570 1782 643 1825 del
666 1796 857 1825 examen
877 1781 1064 1837 general
1085 1795 1115 1836 y
1133 1779 1379 1836 particular
1396 1780 1453 1823 de
1470 1779 1583 1822 cada
1600 1779 1689 1832 dia,
1710 1793 1739 1834 y
1756 1778 1882 1822 heles
1899 1793 1972 1821 re-

321 1860 487 1904 000100
510 1860 552 1903 10
574 1861 687 1902 hora
709 1859 766 1902 de
791 1858 984 1911 oration,
1011 1873 1100 1913 que
1123 1872 1201 1901 sea
1229 1856 1378 1901 media
1400 1858 1512 1900 hora
1540 1860 1566 1899 0
1598 1856 1641 1898 10
1671 1861 1887 1907 1000000,
1911 1870 1972 1897 νο

324 1953 514 1984 examen
537 1944 666 1981 antes
689 1938 746 1980 de
770 1951 938 1989 comer,
965 1951 994 1992 y
1016 1943 1115 1978 otro
1138 1942 1268 1979 antes
1291 1936 1348 1979 de
1376 1933 1544 1977 dormir
1573 1948 1659 1976 con
1689 1948 1749 1975 vn
1771 1947 1884 1989 poco
1917 1933 1974 1976 de

325 2016 516 2068 oration,
543 2016 600 2059 de
629 2015 763 2057 modo
797 2029 886 2070 que
916 2029 970 2058 en
1003 2014 1109 2056 todo
1139 2028 1216 2057 sea
1248 2027 1338 2055 vna
1365 2014 1478 2055 hora
1509 2011 1577 2054 sin
1607 2012 1649 2054 la
1677 2010 1836 2064 missa3
1871 2025 1901 2066 y
1933 2010 1974 2053 el

327 2095 465 2137 frutto
489 2108 578 2150 que
600 2094 691 2135 han
714 2093 771 2136 de
794 2098 997 2148 reportas
1019 2092 1077 2152 de
1099 2092 1141 2134 10
1170 2089 1506 2145 frequentation
1535 2090 1592 2133 de
1620 2089 1687 2132 los
1715 2102 1974 2132 sacramen—

328 2179 413 2224 tos,
439 2172 507 2214 los
529 2171 712 2214 declaro
737 2169 936 2213 tambien
958 2184 1046 2212 con
1069 2169 1174 2211 toda
1196 2169 1238 2211 10
1261 2167 1550 2224 importantia
1573 2182 1661 2222 que
1683 2167 1832 2223 puedo
1855 2165 1914 2209 io.

409 2260 449 2304 5.
519 2248 669 2291 Hablo
692 2251 718 2290 a
743 2248 889 2299 todos,
915 2262 944 2303 y
968 2262 1040 2290 me
1063 2246 1257 2289 informo
1280 2246 1337 2289 de
1356 2245 1486 2288 todos
1506 2260 1535 2301 y
1553 2245 1609 2289 00
1628 2244 1756 2288 todas
1773 2258 1903 2286 cosas
1920 2244 1978 2287 de

329 2326 519 2382 0010005
543 2340 615 2369 me
639 2339 842 2381 paresce,
873 2339 902 2380 y
932 2323 1067 2367 aiudo
1090 2324 1133 2365 lo
1162 2337 1251 2378 que
1278 2323 1443 2379 puedo.
1478 2322 1665 2366 Ordeno
1694 2322 1761 2364 los
1783 2320 1975 2373 studios,

329 2419 357 2459 y
379 2403 415 2447 51
439 2410 537 2446 otra
561 2417 667 2445 cosa
689 2417 761 2445 me
785 2416 971 2458 paresce
994 2401 1051 2445 de
1074 2401 1282 2444 ordenar.
1311 2400 1515 2456 Hagoles
1534 2413 1728 2443 renouar
1745 2399 1812 2442 los
1829 2404 1976 2452 votos,

330 2562 370 2597 in
389 2558 641 2595 Germaniam
661 2558 801 2593 iterum
821 2570 863 2593 se
883 2557 1093 2600 conferret,
1115 2557 1184 2592 sed
1203 2561 1245 2591 ut
1264 2555 1444 2591 Venetiis
1462 2555 1506 2590 P.
1533 2554 1732 2590 Simonem
1756 2554 1979 2600 Rodriguez

325 2620 496 2666 juvaret:
519 2630 660 2665 operae
680 2619 850 2665 pretium
869 2617 951 2652 fore
970 2624 1012 2653 ut
1031 2616 1242 2662 collegium
1262 2615 1485 2651 mutinense
1504 2614 1709 2661 inviseret,
1729 2620 1804 2650 etc.
1830 2615 1888 2649 Ex
1907 2615 1979 2650 Re-

327 2682 453 2729 gesto,
474 2679 545 2724 ΙΙΙ,
566 2678 776 2723 257.—Die
797 2683 927 2713 autem
949 2677 990 2712 13
1010 2677 1104 2723 Julii
1119 2677 1223 2712 idem
1243 2676 1286 2711 Ρ.
1307 2676 1491 2721 Ρο10000,
1507 2687 1555 2710 ex
1570 2674 1860 2721 commissione,
1877 2675 1982 2709 Patri

333 2732 455 2773 Nadal
476 2750 524 2773 ne
545 2738 683 2773 anxius
703 2743 809 2773 esset
828 2738 959 2784 ajebat
978 2749 1024 2772 eo
1043 2737 1147 2784 quod
1165 2749 1186 2771 e
1206 2734 1417 2771 Germania
1431 2741 1521 2770 ante
1538 2740 1691 2781 tempus
1706 2734 1982 2781 praestitutum

329 2798 596 2843 discessisset,
617 2810 689 2832 nec
708 2798 813 2833 enim
833 2797 977 2843 Ignatii
996 2796 1181 2843 placitum
1200 2795 1274 2842 ipsi
1293 2795 1417 2830 Nadal
1437 2799 1652 2841 opportune
1671 2798 1923 2840 pervenerat,
1943 2798 1983 2827 et

331 2857 487 2892 aliunde
505 2863 587 2892 tum
604 2857 779 2903 pontifici
796 2863 878 2892 tum
894 2856 1048 2902 Ignatio
1067 2857 1180 2902 plane
1200 2854 1445 2890 satisfactum
1459 2854 1600 2890 fuerat.
1618 2855 1788 2901 Regest„
1811 2854 1882 2898 ΙΙΙ,
1899 2853 1979 2888 260.

334 2917 481 2952 ——Vide
501 2929 633 2963 supra,
655 2918 770 2963 epist.
792 2917 852 2962 78,
872 2928 960 2963 pag.
981 2915 1065 2962 313,
1085 2920 1218 2950 annot.
1242 2924 1272 2950 Ι.

409 2979 417 2998 ¹
471 2976 618 3012 Eadem
637 2976 700 3011 die
725 2976 767 3011 13
786 2975 896 3022 Julii,
917 2975 955 3010 in
974 2976 1050 3010 alia
1074 2976 1188 3021 epist.
1216 2974 1375 3010 Polanci
1394 2974 1442 3009 ad
1466 2975 1506 3009 P.
1537 2973 1680 3018 Nadal,
1705 2973 1754 3008 de
1782 2982 1823 3008 12
1848 2973 1976 3008 adole-

332 3036 534 3072 scentibus
553 3037 751 3082 germanis
774 3037 937 3072 Romam
956 3034 1157 3071 mittendis
1176 3046 1304 3070 sermo
1325 3038 1419 3070 erat.
1446 3034 1619 3081 Regest.,
1641 3033 1712 3077 ΙΙΙ,
1732 3041 1813 3078 251.
