2038 3313
793 170 1018 211 APPEme
1655 177 1726 217 755

165 271 240 319 Sic
262 287 374 329 ergo
396 271 516 316 laeto
539 271 705 324 animo,
732 278 777 315 et
797 286 885 314 una
903 284 1007 313 curn
1030 270 1367 322 benedictione,
1393 283 1527 325 quam
1552 267 1615 309 illi
1637 270 1726 310 Pa-

78 342 146 379 ter
167 333 308 385 dedit,
335 331 543 375 discessit
561 346 665 374 cum
686 334 821 374 Patre
839 329 990 373 Natali
1009 329 1224 375 Messina.
1251 330 1342 373 Sed
1360 328 1405 371 in
1424 328 1724 383 Lampadosa,

78 395 204 437 iuxta
217 392 435 444 Africam,
451 390 571 447 passi
589 398 696 433 sunt
714 389 1021 446 naufragium,
1035 396 1140 432 octo
1157 390 1276 432 enim
1298 388 1501 432 triremes
1519 388 1728 430 submer-

79 455 322 511 gebantur,
348 459 393 495 et
421 465 525 493 curn
549 450 635 493 illis
665 451 904 506 plusquam
937 449 1058 493 mille
1090 448 1281 493 animae.
1316 449 1474 491 Frater
1496 461 1606 490 vero
1640 461 1727 488 no-

80 521 187 565 ster,
214 513 372 555 volens
394 525 442 554 se
465 525 736 553 conservare
759 525 784 551 a
808 516 1092 564 tempestate,
1119 524 1210 552 non
1233 507 1400 564 potuit3
1421 507 1501 550 sed
1524 521 1578 548 ex
1602 505 1729 548 colli-

80 573 208 616 sione
229 571 413 615 navium
436 571 720 612 confractum
743 576 811 612 est
840 568 902 610 illi
926 569 1178 620 brachium,
1205 569 1318 611 adeo
1343 574 1391 610 ut
1414 567 1528 622 pelle
1554 572 1728 607 tanturn

80 631 259 688 corpori
292 631 574 674 adhaereret.
616 631 868 673 Revertens
907 635 1057 672 autern
1088 628 1136 670 in
1173 627 1342 679 navim,
1377 629 1429 669 P.
1463 625 1638 669 Natalis
1676 625 1732 667 ad

80 691 428 736 confortandum
453 689 645 742 socium,
672 687 845 731 audivit
867 687 1200 731 confessionem
1225 687 1344 740 eius;
1373 700 1462 741 qua
1485 684 1629 736 finita,
1655 699 1731 727 ro-

80 751 207 809 gavit
229 751 326 806 ipse
350 752 532 793 Patrem
552 756 601 791 ut
625 748 852 792 triremem
871 746 994 790 exire
1011 748 1164 799 vellet,
1186 747 1272 790 nisi
1297 760 1452 790 secum
1471 744 1618 801 perire
1636 744 1734 787 vel—

81 814 164 856 let:
198 810 322 854 omni
360 818 512 852 autem
542 815 776 852 momento
810 807 1000 849 fundum
1036 808 1356 862 expectabant,
1398 819 1483 849 nec
1515 804 1611 860 ipse
1645 817 1736 845 uno

81 878 258 915 tanturn
280 869 466 912 brachio
488 884 538 913 se
561 868 717 912 iuvare
742 874 932 923 poterat.

171 931 288 974 Cum
312 943 424 985 ergo
456 930 592 971 Pater
621 934 741 971 esset
770 939 1002 983 egressus,
1030 932 1139 968 tunc
1170 924 1369 967 Isidorus
1400 923 1593 966 subinde
1626 936 1735 965 suos

83 991 139 1034 ad
156 998 347 1033 mortem
370 989 658 1032 confortabat
681 994 725 1031 et
749 987 805 1029 ad
823 985 1107 1028 moriendum
1133 985 1335 1040 parabat,
1362 998 1483 1026 mors
1506 983 1625 1026 enim
1650 981 1737 1024 illis

84 1051 171 1094 iam
194 1051 252 1093 ob
277 1050 435 1093 oculos
458 1048 726 1092 versabatur
749 1062 757 1090 :
784 1044 936 1090 subito
960 1059 1088 1101 ergo,
1115 1044 1300 1088 vidente
1323 1046 1410 1086 hoc
1435 1045 1570 1086 Patre
1593 1043 1736 1085 Nata-

84 1110 138 1164 li,
171 1117 268 1153 tota
302 1108 430 1152 navis
461 1107 860 1162 submergebatur,
892 1112 937 1148 et
965 1105 1043 1159 qui
1073 1104 1119 1146 in
1155 1118 1208 1147 ea
1245 1111 1389 1148 erant.
1428 1104 1545 1145 Cum
1583 1109 1735 1145 autem

87 1172 140 1213 Ρ.
166 1169 341 1213 Natalis
364 1184 419 1212 ex
439 1166 596 1211 Africa
613 1166 837 1217 rediisset,
859 1164 970 1207 dixit
996 1163 1120 1207 Patri
1139 1170 1311 1207 nostro:
1338 1161 1527 1206 «Misisti
1546 1176 1636 1215 me,
1656 1174 1738 1203 seu

85 1237 271 1286 propter
293 1236 417 1271 tuam
449 1226 720 1271 sententiam
755 1225 819 1267 fui
853 1225 971 1268 inter
1000 1223 1186 1276 milites3
1218 1224 1300 1267 sed
1328 1237 1420 1265 non
1450 1222 1597 1277 placet
1625 1219 1735 1262 mihi

86 1289 204 1334 inter
226 1289 326 1332 illos
349 1287 519 1340 vivere,
546 1286 655 1343 quin
678 1285 830 1342 potius
847 1292 956 1340 opto
977 1283 1113 1326 vitam
1132 1282 1467 1339 religiosorum,
1489 1289 1534 1325 et
1557 1288 1739 1323 nostrae

87 1348 347 1394 Societatis.
360 1366 377 1387 ›>

883 1450 939 1494 ΙΙΙ

685 1531 944 1574 ANTONms
977 1530 1137 1573 V1NcK

553 1593 705 1634 PATRr
734 1592 912 1647 JOANNI
947 1603 1010 1632 DE
1045 1590 1275 1632 PoLANco

478 1665 732 1714 Messanae,
769 1673 825 1714 24
858 1659 1130 1703 Novembris
1170 1670 1274 1713 1551
1319 1661 1345 1701 ¹.

321 1742 380 1777 De
402 1741 600 1788 regimine
618 1738 946 1773 scholasticorum
969 1736 1179 1772 Societatzsss
1197 1736 1268 1770 sub
1288 1737 1334 1770 P.
1359 1736 1507 1771 Nadal.

905 1803 933 1860 ἢ

184 1889 247 1930 La
276 1884 423 1942 gratia
454 1890 498 1927 et
527 1896 639 1939 pace
668 1881 712 1924 di
743 1880 927 1924 Christo
960 1887 1116 1923 nostro
1149 1879 1337 1935 Signor,
1373 1894 1552 1935 sempre
1587 1893 1741 1923 cresca

92 1947 199 1990 nelli
223 1945 352 1989 cuori
375 1943 533 1986 nostri.
561 1944 726 1985 Amen.

184 2009 272 2050 Per
294 2003 540 2060 respondet
564 2017 590 2044 a
612 2016 700 2043 vna
723 1999 767 2043 di
792 2001 847 2043 V.
876 2001 930 2042 R.
959 1997 1182 2042 attinente
1211 1999 1285 2041 alli
1315 1998 1444 2042 litere
1478 2004 1524 2041 et
1553 1997 1745 2040 orationi

93 2069 177 2110 che
200 2065 236 2108 si
260 2066 516 2108 obseruano
541 2076 630 2116 qua
653 2061 721 2103 fra
738 2060 767 2102 li
790 2058 999 2110 scholari,
1021 2058 1050 2100 il
1070 2060 1122 2101 P.
1146 2060 1276 2100 Μ.ῒΓΟ
1300 2058 1447 2100 Nadal
1466 2057 1526 2099 mi
1543 2059 1601 2100 ha
1619 2072 1745 2100 com-

93 2140 242 2170 messo
266 2126 350 2167 che
372 2123 413 2166 io
436 2123 479 2164 l)
502 2120 726 2164 scriuesse
749 2126 912 2174 questo
935 2120 1020 2161 che
1044 2116 1237 2171 sequita.

185 2184 237 2228 Li
260 2181 453 2226 scholari
477 2180 585 2237 ogni
609 2180 772 2236 giorno
797 2178 976 2222 sentino
1000 2178 1042 2218 la
1064 2176 1216 2219 missa.
1245 2177 1309 2219 Le
1333 2176 1448 2219 feste
1472 2183 1515 2219 et
1539 2176 1581 2219 le
1598 2174 1745 2218 domi—

96 2245 231 2288 niche
253 2242 393 2285 vdino
417 2241 553 2283 missa
576 2247 620 2283 et
643 2241 686 2281 la
708 2237 907 2294 predica.
936 2236 988 2280 Li
1013 2237 1198 2280 venerdi
1223 2237 1265 2278 la
1287 2235 1483 2279 lectione
1506 2236 1623 2278 della
1654 2235 1749 2277 vita

98 2305 143 2346 di
167 2303 366 2347 Christo.
396 2299 521 2356 Ogni
545 2314 668 2342 mese
691 2298 727 2340 si
752 2298 1041 2340 confessario.
1070 2296 1269 2351 Quando
1300 2295 1481 2337 intrano
1511 2302 1556 2338 et
1586 2309 1752 2338 escano

100 2365 217 2407 delle
242 2362 410 2413 schole,
439 2361 577 2402 fanno
600 2373 692 2400 vno
711 2372 826 2412 poco
844 2356 889 2398 di
906 2355 1129 2407 oratione,
1155 2355 1357 2398 secundo
1381 2356 1465 2397 che
1482 2354 1684 2410 voglino,
1706 2362 1750 2397 et

104 2421 463 2471 chiascheduno,
491 2418 691 2461 secundo
715 2418 757 2459 la
781 2431 862 2458 sua
885 2414 1104 2471 capacita3
1131 2414 1208 2470 piu
1231 2414 1260 2456 li
1284 2413 1442 2469 figlioli
1466 2416 1549 2457 che
1566 2413 1595 2455 li
1614 2428 1750 2469 gran-

100 2483 160 2526 di.
189 2483 237 2524 ln
259 2482 302 2523 la
325 2480 481 2523 schola
503 2477 647 2534 prima
670 2475 715 2518 di
739 2475 1005 2532 gramatica,
1038 2473 1205 2516 dicono
1235 2474 1328 2516 alta
1356 2487 1456 2515 voce
1484 2473 1639 2516 auanti
1668 2474 1753 2517 che

101 2555 286 2593 escano,
312 2541 356 2582 lo
383 2540 527 2581 Pater
550 2540 716 2587 noster,
740 2537 838 2577 Aue
862 2535 1036 2585 Maria,
1063 2534 1209 2575 Credo
1233 2534 1281 2575 in
1306 2535 1470 2584 Deum,
1494 2533 1630 2574 Salue
1659 2534 1752 2574 Re-

97 2603 218 2659 gina
241 2607 286 2644 et
320 2600 467 2641 Vnum
491 2597 579 2638 cole
602 2598 768 2647 Deum,
792 2602 836 2638 et
861 2608 964 2636 cum
984 2600 1147 2648 questo
1166 2600 1316 2636 metzo
1333 2592 1470 2646 quelli
1494 2594 1579 2635 che
1602 2606 1692 2634 non
1710 2592 1754 2634 lo

101 2675 244 2704 sanno
268 2660 314 2701 lo
338 2657 587 2713 imparano.
616 2656 673 2697 Et
697 2660 860 2709 questo
886 2660 1005 2695 tutto
1028 2666 1119 2694 non
1143 2659 1212 2695 est
1230 2651 1348 2693 cossi
1366 2652 1543 2694 firmato
1561 2653 1646 2695 che
1664 2666 1755 2694 non

101 2721 138 2763 si
162 2733 294 2776 possa
318 2724 511 2767 mutare,
537 2716 628 2757 imo
651 2712 958 2769 qualsiuoglia
980 2713 1092 2753 hora
1115 2710 1483 2754 facillimamente
1505 2710 1542 2753 si
1565 2725 1624 2765 po
1655 2725 1748 2753 mu-

103 2787 215 2831 tare,
242 2778 436 2833 iungere
459 2779 485 2817 o
506 2775 660 2818 leuare
684 2772 730 2814 in
756 2778 899 2827 parte,
925 2778 971 2814 et
1001 2777 1121 2812 tutto
1152 2784 1279 2813 come
1314 2769 1485 2825 meglio
1520 2773 1753 2825 apparera.

104 2841 161 2882 Et
184 2845 348 2893 questo
370 2837 430 2878 ha
454 2835 566 2877 fatto
588 2832 618 2875 il
644 2834 696 2875 P.
723 2832 870 2874 Nadal
894 2831 1000 2887 (non
1029 2829 1298 2886 stringendo
1329 2829 1359 2871 li
1383 2829 1543 2871 scolari
1567 2830 1626 2871 ad
1648 2844 1757 2872 exa—

107 2903 223 2941 ctam
248 2910 407 2939 rerum
432 2892 812 2945 obseruationem)
834 2890 1039 2946 sapendo
1065 2896 1109 2932 et
1133 2889 1360 2945 sperando
1385 2890 1469 2932 che
1488 2904 1566 2944 per
1585 2889 1758 2932 consti-

186 3032 195 3052 ¹
248 3029 305 3064 Ex
325 3025 580 3072 autographo,
600 3023 640 3058 in
660 3022 789 3069 Epist.
812 3021 964 3064 Minis,
989 3022 1067 3056 vol.
1088 3020 1135 3066 C,
1156 3021 1271 3057 unico
1291 3020 1374 3067 fo].,
1396 3029 1460 3066 109
1478 3019 1590 3066 (362).
