2038 3313
632 198 786 233 PATRIS
813 196 964 230 NADAL
990 201 1127 229 GEsTA
1656 200 1703 237 -xi

57 306 211 348 vultus
239 303 286 345 in
315 301 548 354 modestia,
575 315 628 344 ac
665 299 885 356 religione
922 299 1164 341 admodum
1193 295 1349 339 viuidi.
1383 297 1525 338 Porro
1554 294 1705 336 animo

57 383 329 434 indefessus,
354 379 619 431 industrius,
646 392 764 421 acer:
785 376 971 434 ingenio
992 391 1084 418 non
1112 375 1258 418 solum
1282 374 1338 417 ad
1362 387 1513 416 rerum
1541 373 1703 414 huma-

58 474 234 511 narum,
260 457 609 511 diuinarumque
637 454 870 499 scientiam
900 452 1250 510 promptissimo,
1282 451 1361 495 sed
1390 450 1525 494 etiam
1555 450 1611 492 ad
1634 464 1706 492 res

58 537 297 594 gerendas,
323 535 510 591 viasque
532 533 818 590 negotiorum
843 532 1065 574 ineundas
1088 529 1368 586 sagacitatis,
1393 535 1438 571 et
1460 526 1706 571 efficacita-

61 615 116 658 tis
138 613 343 658 eximiae.
372 611 612 657 Societatis
636 610 951 653 Institutorum
975 615 1076 664 post
1098 608 1363 659 Generales,
1385 621 1437 649 ac
1455 606 1705 649 Polancum

59 693 181 735 haud
204 691 341 734 dubie
364 689 661 747 peritissimus
689 689 698 709 ¹
714 703 722 742 3
750 687 916 743 quippe
939 701 1073 741 quem
1097 685 1192 742 ipse
1221 684 1426 741 Ignatius
1456 684 1512 726 ad
1541 683 1707 725 multas

57 768 352 813 circummisit
382 766 648 811 Prouincias
677 766 733 809 ad
763 764 1118 822 promulgandas
1147 761 1528 814 Constitutiones,
1560 768 1605 804 et
1627 775 1706 803 ex-

59 847 303 904 plicandas.
332 847 541 901 Cumque
563 844 768 891 iussisset
790 844 986 888 Sanctus
1010 843 1162 893 Pater,
1194 855 1327 896 quem
1351 840 1389 883 is
1417 839 1635 896 gessisset
1659 853 1707 881 se

57 940 111 969 eo
133 925 179 967 in
203 939 406 977 munere,
432 922 650 979 primores
670 924 856 965 Patrum
882 919 1174 976 perscribere,
1202 918 1335 961 trium
1354 918 1553 960 virorum
1579 916 1707 960 testi-

59 1003 225 1054 monia,
262 1016 378 1057 quae
407 1016 498 1044 non
528 999 843 1043 auctoritatem
874 999 1024 1050 modo,
1057 998 1137 1040 sed
1169 996 1304 1040 etiam
1342 995 1610 1051 religionem
1650 996 1707 1036 ob

59 1095 353 1137 personarum
375 1078 661 1122 sanctitatem
685 1077 898 1128 habeant,
926 1075 1115 1131 Antonij
1142 1074 1351 1130 Quadrij,
1378 1073 1492 1125 eius,
1519 1072 1592 1115 cui
1617 1080 1707 1115 tam

60 1160 253 1202 multum
281 1158 417 1201 debet
448 1155 590 1208 India,
623 1156 909 1210 duorumque
945 1153 1221 1209 inclytorum
1260 1152 1460 1195 uirorum
1492 1150 1708 1195 Consalui

60 1236 310 1293 Sylueriae,
337 1242 382 1279 et
410 1234 572 1292 Ignatij
607 1232 824 1288 Azebedij
855 1232 965 1275 libet
993 1233 1166 1275 afferre.
1200 1232 1321 1274 Inter
1350 1237 1523 1273 ceteras
1550 1230 1709 1272 laudes

60 1314 292 1371 ¹Quadrius
314 1313 507 1369 scripsit,
534 1312 645 1354 illud
673 1311 836 1353 mirum
860 1309 1080 1353 accidisse
1102 1309 1330 1361 omnibus,
1363 1309 1485 1364 quod
1514 1307 1706 1361 Natalis,

61 1407 177 1448 quae
195 1391 426 1442 voluisset,
448 1390 671 1433 effecisset
688 1389 733 1431 in
754 1387 1002 1432 Lusitania:
1024 1394 1069 1430 et
1086 1401 1221 1442 saepe
1239 1393 1397 1430 contra
1419 1385 1706 1437 sententiam,

60 1471 433 1524 voluntatemque
456 1469 718 1511 multorum:
745 1473 790 1510 et
814 1474 964 1509 tamen
988 1466 1141 1508 nullus
1164 1472 1284 1508 esset
1300 1464 1346 1506 in
1366 1463 1615 1516 Lusitania,
1638 1463 1710 1508 cui

61 1564 150 1592 non
174 1548 355 1590 abunde
378 1545 686 1597 satisfecisset,
714 1544 903 1600 eiusque
925 1550 1025 1587 acta
1047 1558 1223 1586 summe
1246 1543 1472 1599 probaret.
1502 1541 1710 1597 Sylueria

62 1626 382 1676 admirabatur,
408 1625 534 1680 quod
556 1638 734 1679 semper
755 1622 890 1674 idem,
917 1628 962 1665 et
983 1622 1318 1677 quodammodo
1348 1619 1640 1662 immutabilis
1665 1618 1709 1661 in

62 1711 219 1747 sancta
242 1702 484 1760 grauitate,
526 1701 728 1753 caritate,
766 1699 1022 1757 prudentia,
1063 1698 1221 1742 humili
1258 1698 1482 1749 libertate,
1519 1696 1709 1754 prouida

64 1781 318 1826 constantia
339 1779 616 1837 persisteret,
649 1786 696 1822 et
724 1778 833 1822 alias
862 1777 932 1820 his
954 1792 1139 1833 quoque
1167 1776 1358 1820 maiores
1387 1777 1544 1819 laudes
1573 1790 1709 1819 accu—

65 1861 220 1904 mulat.
247 1858 525 1911 Azebedius,
553 1856 930 1914 Olysipponensis
960 1862 1056 1898 tum
1079 1854 1270 1911 Collegij
1297 1856 1478 1906 Rector,
1511 1854 1710 1913 affirma—

63 1938 129 1981 uit
152 1944 242 1981 tam
265 1936 422 1980 intime
438 1935 535 1979 eius
554 1935 703 1979 animo
722 1934 961 1979 Societatis
983 1933 1247 1977 [nstitutum
1266 1932 1551 1988 impressum,
1572 1931 1710 1987 inque

62 2015 258 2073 negotijs
281 2013 590 2065 conficiendis,
618 2028 670 2056 ac
692 2014 829 2056 rebus
852 2011 1114 2055 ordinandis
1138 2018 1227 2054 tam
1252 2025 1301 2054 se
1324 2010 1548 2066 expedite,
1585 2017 1709 2052 tanta

60 2109 164 2137 cum
187 2092 432 2144 alacritate,
459 2091 714 2148 prudentia,
735 2090 1038 2146 simplicitate,
1061 2104 1112 2132 ac
1131 2088 1315 2144 reliquis
1333 2088 1579 2131 virtutibus
1602 2102 1708 2144 ges—

61 2170 187 2226 sisse3
214 2178 262 2213 vt
284 2170 515 2214 videretur
537 2170 593 2212 ad
616 2169 661 2212 id
684 2168 902 2220 officium,
924 2175 1106 2224 propter
1129 2167 1252 2222 quod
1275 2166 1479 2222 Ignatius
1507 2165 1706 2218 miserat,

63 2251 371 2292 conformatus
394 2263 419 2291 a
442 2250 559 2300 Deo,
585 2254 630 2291 et
652 2247 855 2290 eiusdem
879 2244 1099 2302 singulari
1118 2244 1305 2288 consilio
1323 2245 1468 2287 lectus
1591 2246 1711 2289 Sane

139 2444 149 2464 ¹
201 2443 258 2477 Ita
277 2442 320 2476 P.
341 2441 571 2487 Sacchinus,
589 2442 670 2488 qui,
691 2447 778 2488 post
797 2442 933 2476 Patres
951 2443 1159 2487 generales
1177 2447 1217 2477 et
1235 2442 1462 2487 Polancum,
1489 2441 1573 2476 sine
1592 2440 1711 2476 dubio

65 2502 361 2537 PatremrNadal
381 2501 649 2537 institutorum
670 2501 878 2536 Societatis
898 2501 1179 2548 peritissimum
1206 2501 1365 2537 fatetur.
1387 2501 1560 2537 Dubium
1579 2508 1710 2536 autem

64 2566 253 2606 remanet,
274 2573 322 2596 an
341 2562 447 2597 Patri
466 2562 636 2597 Polanco
655 2567 695 2597 et
712 2562 980 2607 generalibus,
1000 2562 1066 2609 qui
1090 2562 1244 2607 Ignatio
1272 2563 1447 2609 proxime
1468 2573 1711 2607 successere,

63 2622 134 2657 hac
152 2621 191 2657 in
210 2634 251 2657 re
270 2623 313 2656 Ρ.
334 2622 458 2657 Nadal
478 2622 776 2669 anteponendus
792 2622 917 2658 videri
931 2623 1069 2669 possit.
1088 2623 1203 2657 Haud
1221 2623 1335 2658 facile
1354 2629 1505 2657 rectum
1521 2622 1710 2668 judicium

63 2681 103 2716 in
120 2683 192 2716 hac
210 2693 326 2716 causa
346 2683 597 2728 pronuntiare
616 2682 703 2729 quis
729 2682 887 2729 poterit,
907 2683 982 2718 nisi
1001 2695 1092 2729 prae
1112 2682 1235 2718 oculis
1262 2684 1420 2728 habeat,
1450 2694 1549 2729 quae
1570 2682 1711 2727 viginti

63 2746 103 2776 et
120 2741 285 2788 amplius
305 2754 494 2777 annorum
514 2742 640 2789 spatio
660 2743 699 2777 in
719 2743 863 2787 studio,
884 2744 1213 2790 promulgatione,
1240 2749 1279 2778 et
1304 2743 1538 2778 executione
1563 2748 1710 2777 nostra·

62 2813 147 2836 rum
164 2802 489 2838 constitutionum
508 2815 577 2849 per
595 2808 717 2838 totam
735 2803 858 2838 ferme
877 2805 1071 2850 Europam
1085 2802 1255 2849 gesserit
1269 2809 1308 2839 et
1323 2803 1523 2850 scripserit
1542 2802 1709 2838 eximius

64 2860 129 2896 ille
147 2861 219 2903 vir,
240 2863 288 2912 ab
307 2862 392 2909 ipso
410 2864 454 2898 P.
475 2862 629 2908 Ignatio
647 2863 695 2898 ad
713 2864 786 2898 hoc
805 2876 901 2910 opus
921 2865 1071 2899 electus
1096 2870 1135 2900 et
1160 2863 1380 2900 institutus.
1407 2864 1552 2899 Lucem
1579 2869 1709 2899 tamen

64 2920 259 2968 copiosam
278 2922 326 2956 ad
344 2922 383 2957 id
400 2922 718 2970 discernendum,
738 2924 973 2960 documenta
992 2925 1031 2960 in
1050 2926 1123 2960 hoc
1148 2937 1264 2972 opere
1284 2924 1550 2971 proponenda,
1571 2936 1710 2971 suppe

66 2979 258 3016 ditabunt.

138 3043 151 3062 ²
202 3042 260 3076 Ita
279 3053 435 3088 prorsus
454 3042 575 3078 fuisse
596 3044 724 3080 evinci
743 3044 897 3080 videtur
917 3057 965 3081 ex
990 3045 1089 3081 infra
1107 3045 1299 3092 dicendis,
1320 3057 1408 3093 pag.
1427 3054 1498 3081 xm
1517 3050 1556 3081 et
1575 3053 1657 3080 XIV.
