2038 3313
665 203 819 238 PATRIS
846 201 996 236 NADAL
1024 207 1160 235 GEsTA
1697 205 1737 234 rx

94 307 399 366 perlustravit,
425 299 772 350 constitutiones
799 305 845 348 in
873 304 959 347 illis
990 301 1321 360 promulgavit,
1352 316 1423 345 res
1446 300 1740 357 collegiorum

95 385 336 438 ordinavit,
363 385 551 428 utilibus
573 383 720 427 socios
743 381 1028 426 documentis
1050 380 1265 424 instruxit
1288 381 1324 437 (Ι
1335 380 1452 435 555).

185 466 235 507 In
266 465 402 506 finem
434 469 656 519 vergente
687 476 823 514 anno,
858 459 1052 502 mittitur
1083 460 1235 502 denuo
1262 458 1309 501 in
1339 456 1606 513 Hispaniam
1636 454 1739 499 cum

99 545 149 586 P.
177 540 409 585 Ludovico
432 540 706 595 Goncalves,
738 545 789 581 ut
815 537 1019 581 subsidia
1046 551 1125 593 pro
1153 535 1347 593 collegio
1375 549 1563 578 romano
1586 548 1741 576 corro-

94 626 239 676 garet,
266 618 469 661 ordinem
492 617 748 660 studiorum
771 623 815 659 et
837 614 1108 658 domesticas
1131 612 1487 657 consuetudines
1514 612 1571 654 ad
1592 626 1742 654 roma-

95 711 180 740 nae
206 695 445 741 Societatis
474 709 643 738 morem
667 695 985 745 conformaret,
1016 692 1138 747 quod
1173 691 1355 747 quidem
1385 689 1572 747 egregie
1595 696 1639 733 et
1663 703 1742 745 pro

94 774 211 818 votis
234 773 398 831 Ignatii
420 773 564 830 gessit
593 772 902 830 (1555-1556).

183 851 360 909 Ignatio
383 851 539 894 evivis
562 851 757 902 sublato,
785 851 837 892 P.
865 850 1026 901 Nadal,
1053 848 1126 891 cui
1151 847 1278 891 triste
1305 847 1516 890 nuntium
1546 845 1743 889 Valliso-

96 929 172 973 leti
200 931 227 981 ¹,
254 944 345 972 non
375 936 480 971 ante
509 929 821 984 Septembrem
851 927 1073 983 perlatum
1103 933 1188 977 est,
1210 927 1399 968 Romam
1431 923 1592 980 repetit
1620 924 1744 966 solus

98 1006 324 1051 «terrestri
353 1006 513 1049 itinere
537 1020 615 1062 per
644 1005 885 1049 Galliam.»
925 1003 1169 1048 «Pervenit
1197 1005 1386 1046 Romam
1418 1004 1470 1045 P.
1513 1000 1688 1045 Natalis
1720 1013 1743 1043 2

95 1084 360 1128 Decembris
389 1085 431 1123 ε·’»
464 1083 571 1126 anni
600 1084 727 1137 1556,
760 1082 838 1125 ubi
867 1097 893 1125 a
930 1081 1099 1125 vicario
1137 1080 1340 1138 generali
1362 1081 1420 1123 ad
1453 1078 1641 1123 consilia
1663 1093 1744 1135 pro

96 1162 322 1208 Societate
344 1162 643 1217 gubernanda
665 1160 921 1213 adhibetur,
947 1159 1234 1216 collegioque
1256 1172 1442 1201 romano
1465 1156 1740 1214 praeficitur.

98 1243 186 1284 Pro
223 1239 377 1282 vicarii
406 1238 631 1296 generalis
659 1238 930 1282 auctoritate
959 1244 1117 1281 contra
1149 1238 1520 1294 perturbatorum
1554 1242 1746 1278 conatus

96 1318 311 1362 acerrime
333 1317 641 1374 propugnavit
665 1317 972 1373 (1556-1557‘).

185 1395 418 1439 Assistens
440 1410 522 1451 pro
546 1394 819 1438 Germaniae
841 1400 886 1437 et
908 1394 1084 1438 Galliae
1107 1393 1351 1449 provinciis
1374 1400 1554 1436 creatur
1578 1392 1741 1449 (1558);

96 1488 185 1530 quo
208 1473 253 1515 in
270 1487 457 1516 munere
476 1480 566 1515 tam
584 1473 813 1529 praeclare
829 1486 879 1515 se
896 1471 1054 1528 gessit,
1082 1478 1132 1514 ut
1149 1473 1201 1514 Ρ.
1224 1470 1410 1523 Lainez,
1431 1485 1536 1513 cum
1554 1470 1610 1512 de
1627 1468 1745 1511 invi—

96 1553 236 1596 senda
258 1551 487 1596 Societate
509 1565 590 1607 per
611 1565 769 1594 omnes
792 1552 1002 1607 Europae
1024 1549 1282 1606 provincias
1305 1549 1544 1606 cogitaret,
1571 1548 1747 1590 nullum

99 1633 233 1673 Patre
261 1630 407 1673 Nadal
435 1628 654 1685 aptiorem
683 1628 915 1685 repererit,
948 1628 1021 1671 cui
1053 1635 1229 1671 tanturn
1258 1641 1426 1670 munus
1464 1625 1748 1670 committere

96 1715 263 1764 posset.

185 1787 327 1828 Plena
354 1785 495 1841 igitur
522 1784 793 1828 auctoritate
821 1800 847 1827 a
879 1784 1081 1841 generali
1104 1783 1189 1840 ipsi
1227 1783 1577 1834 communicata,
1615 1781 1748 1825 tertio

95 1862 247 1906 invisit
269 1862 525 1919 provincias
544 1862 808 1918 Hispaniae.
838 1861 1051 1905 Pluribus
1073 1861 1194 1906 vitae
1223 1861 1435 1918 periculis
1465 1868 1583 1904 terra
1610 1859 1747 1902 mari—

94 1956 182 1997 que
204 1940 444 1997 superatis,
476 1956 503 1983 a
531 1940 718 1996 regibus
748 1939 996 1996 Hispaniae
1025 1946 1070 1983 et
1099 1939 1363 1984 Lusitaniae
1386 1938 1585 1995 benigne
1613 1952 1748 1981 exce—

96 2026 216 2075 ptus,
242 2019 383 2061 multa
411 2018 457 2060 in
485 2017 690 2074 collegiis
718 2017 959 2070 ordinavit,
985 2018 1188 2061 omnium
1218 2017 1392 2061 animos
1421 2017 1506 2061 sibi
1535 2015 1749 2060 concilia-

94 2097 172 2150 vit,
193 2098 386 2155 collegia
403 2098 736 2154 multiplicavit,
755 2097 1148 2142 exhortationibus
1170 2096 1393 2153 sapientia
1415 2103 1460 2139 et
1484 2094 1748 2152 cognitione

93 2175 287 2219 instituti
311 2177 484 2220 refertis
508 2184 688 2220 nostros
716 2176 930 2229 excoluit,
962 2175 1250 2233 singulorum
1280 2190 1470 2218 examen
1493 2174 1626 2230 juxta
1655 2174 1748 2216 for-

97 2254 263 2297 mulam
286 2255 342 2298 ab
365 2269 418 2298 eo
440 2255 671 2298 inventam
693 2254 871 2311 excepit
894 2256 926 2307 ³,
961 2253 1252 2297 missionibus
1280 2261 1491 2296 strenuos
1520 2251 1748 2308 operarios

95 2331 308 2388 providit,
335 2333 528 2389 collegio
552 2348 738 2376 romano
760 2347 879 2376 nova
901 2332 1105 2375 subsidia
1127 2330 1406 2388 comparavit
1436 2330 1744 2388 (1561-1562).

184 2410 293 2453 Inde
314 2410 362 2453 in
399 2411 594 2454 Galliam
631 2410 939 2467 progreditur,
982 2409 1175 2453 tolosani
1212 2409 1393 2466 collegii
1416 2407 1747 2451 institutionem

98 2496 348 2543 praeparat,
390 2488 436 2530 in
468 2488 801 2532 haereticorum
845 2503 1008 2531 manus
1046 2487 1225 2540 incidit,
1261 2494 1306 2530 et
1344 2486 1449 2529 inde
1486 2484 1749 2528 mirabiliter

172 2625 181 2645 ¹
234 2625 292 2659 Ex
311 2625 354 2660 P.
382 2626 570 2662 NATALIS
600 2626 829 2673 OpusculiS,
857 2638 946 2673 pag.
978 2626 1058 2672 164,
1079 2626 1146 2661 ubi
1171 2626 1268 2660 haec
1287 2625 1385 2672 ipse:
1414 2623 1690 2662 «Obdormiuit
1709 2623 1748 2659 in

102 2683 267 2719 Domino
286 2685 402 2720 Pater
420 2686 597 2731 Ignatius
612 2686 675 2721 die
691 2686 847 2721 veneris
863 2687 911 2721 ad
930 2692 1057 2722 ortum
1073 2686 1182 2730 solis,
1198 2685 1239 2720 31
1258 2685 1351 2732 Julij
1375 2685 1480 2731 1556,
1497 2691 1611 2720 natus
1626 2696 1749 2720 annos

99 2743 159 2789 64,
174 2755 276 2779 anno
295 2750 384 2791 post
402 2745 612 2781 Societatis
630 2746 920 2782 institutionem
942 2747 997 2782 16.
1018 2748 1102 2793 Ego
1122 2758 1228 2781 eram
1253 2746 1459 2781 Simancae
1484 2746 1523 2780 in
1543 2746 1746 2792 Hispania3

101 2801 166 2837 vbi
185 2808 315 2839 tamen
334 2805 500 2851 primum
518 2806 675 2851 resciui,
691 2807 795 2854 quod
812 2807 888 2843 fuit
906 2807 1142 2854 Vallisoleti‚
1163 2818 1299 2842 mense
1319 2806 1557 2853 Septembri,
1584 2805 1749 2841 tristicia

100 2861 279 2926 primum,
300 2864 370 2899 sed
388 2877 489 2912 quae
509 2866 642 2902 statim
667 2872 728 2902 est
746 2872 936 2914 occupata
960 2867 1144 2904 firmitate
1163 2868 1330 2916 quadam
1350 2867 1510 2915 spiritus
1536 2872 1576 2902 et
1599 2867 1747 2902 exulta*

103 2926 224 2964 tlone,
242 2928 342 2958 etc.»

171 2984 184 3002 '-'
238 2984 296 3017 Ex
316 2984 502 3020 NATALIS
523 2987 701 3032 Eplzem„
725 3000 814 3023 ann.
836 2988 939 3034 1556,
958 2988 1024 3024 fol.
1045 2998 1090 3034 42
1111 3001 1148 3024 V.

175 3042 187 3061 ³
243 3042 343 3078 Vide
364 3043 479 3092 infra,
499 3046 596 3081 Cod,
620 3048 679 3083 16..
