2038 3313
316 575 327 593 Ι

433 604 912 693 PRAEFATto
950 604 1424 661 GENERALIS

691 748 913 790 TOTIUS
945 747 1162 790 OPERIS

188 1211 316 1266 Quas
348 1210 528 1266 saepius
556 1210 600 1252 in
634 1210 800 1253 nostris
831 1213 1162 1256 MONUMENTIS
1194 1212 1498 1269 promisimus,
1535 1215 1593 1255 P.
1632 1216 1745 1256 Hie-

99 1290 277 1344 ronymi
297 1289 451 1331 Nadal
468 1290 706 1344 Epistulas,
725 1303 848 1331 nunc
872 1289 1053 1332 tandem
1072 1289 1118 1332 in
1141 1291 1288 1334 lucem
1307 1290 1487 1347 prodire
1504 1290 1742 1347 incipiunt.

97 1367 191 1410 Cur
213 1374 364 1410 autem
387 1366 574 1410 seorsim
603 1368 659 1409 ab
689 1366 787 1409 aliis
814 1366 1073 1423 primaevae
1102 1367 1345 1412 Societatis
1373 1367 1597 1424 epistolis,
1633 1384 1745 1425 quas

93 1445 268 1487 ilIz'xtas
291 1445 585 1501 appellamus,
611 1446 729 1487 hanc
752 1459 916 1487 novam
940 1444 1101 1488 seriem
1125 1446 1440 1489 excudendam
1462 1446 1741 1499 duxerimus,

92 1521 136 1564 in
161 1522 258 1578 ipsa
280 1521 563 1578 praefatione
584 1522 760 1565 illarum
785 1521 1058 1574 litterarum,
1098 1538 1204 1579 pag.
1232 1524 1276 1577 6,
1301 1523 1579 1567 dicebamus.
1617 1526 1743 1568 «Ae—

93 1615 232 1656 quum
257 1599 376 1643 enim
399 1607 483 1651 est,
511 1607 562 1642 ut
584 1599 661 1655 qui
684 1600 890 1643 laborum
908 1600 1226 1657 magnitudine
1248 1607 1293 1644 et
1310 1600 1610 1645 diuturnitate
1632 1601 1742 1645 insi—

92 1693 229 1735 gnem
253 1693 360 1734 prae
383 1677 572 1721 caeteris
596 1693 778 1734 operam
802 1685 848 1721 et
871 1677 1102 1721 Ecclesiae
1124 1686 1168 1721 et
1191 1678 1409 1723 Societati
1432 1680 1739 1731 contulerunt,

91 1772 117 1799 a
140 1756 329 1799 caeteris
353 1756 487 1800 etiam
511 1756 870 1813 distinguantur,
891 1765 936 1800 et
959 1756 1005 1799 in
1024 1771 1166 1800 unum
1184 1764 1341 1801 coacta
1357 1757 1581 1813 cujusque
1597 1758 1741 1801 docu—

91 1842 258 1887 menta,
299 1842 581 1891 posterorum
619 1834 771 1877 studio
809 1836 1046 1878 commode
1082 1835 1398 1891 subjiciantur.
1440 1836 1489 1878 Id
1527 1835 1741 1879 historiae

91 1912 292 1965 claritas,
319 1912 364 1955 id
389 1920 540 1956 rectus
564 1913 690 1965 ordo,
718 1913 762 1956 id
786 1913 985 1969 ipsorum
1015 1920 1254 1956 auctorum
1284 1912 1484 1970 dignitas
1512 1915 1740 1969 postulare

88 1990 313 2041 videtur.»
341 1990 427 2034 His
449 1991 733 2047 potissimum
756 1992 814 2034 de
842 1991 992 2034 causis
1020 1991 1234 2048 epistolas
1265 1993 1452 2035 Patrum
1483 1992 1734 2043 Salmeron,

87 2068 271 2121 Lainez,
306 2069 463 2124 Borja,
498 2070 644 2112 Nadal
685 2069 967 2125 aliorumque
999 2069 1254 2126 principum
1284 2069 1482 2112 virorum
1521 2085 1572 2112 «a
1606 2070 1737 2112 turba

87 2146 362 2202 reliquarum
384 2146 637 2190 litterarum
661 2148 928 2204 sejungere„
955 2146 1255 2191 decrevimus.

176 2224 414 2268 Mirabitur
437 2226 628 2269 fortasse
646 2225 868 2282 quispiam
888 2226 1218 2282 Hieronymum
1237 2226 1400 2278 Nadal,
1422 2226 1552 2281 cujus
1571 2241 1735 2270 nomen

88 2303 134 2346 in
156 2303 434 2347 obscuritate
457 2304 784 2360 propemodum
807 2303 1052 2357 delitescit,
1085 2303 1219 2359 cujus
1241 2318 1312 2346 res
1342 2310 1500 2360 gestae
1530 2320 1556 2347 a
1584 2303 1737 2347 multis

87 2381 372 2439 ignorantur,
399 2397 453 2425 eo
475 2382 549 2425 vel
571 2381 780 2434 maxime,
808 2382 930 2437 quod
952 2381 1094 2438 ipsius
1116 2381 1211 2424 vita
1233 2382 1436 2424 nondum
1469 2397 1550 2438 pro
1582 2381 1735 2438 digni-

88 2467 180 2503 tate
201 2461 441 2503 lucubrata
465 2460 615 2512 fuerit,
642 2475 746 2503 cum
768 2459 956 2504 summis
979 2459 1065 2503 illis
1082 2458 1323 2504 Societatis
1341 2466 1522 2503 nostrae
1539 2459 1734 2502 lumina-

86 2537 212 2580 ribus
236 2538 385 2594 Borja,
412 2538 596 2591 Lainez,
623 2539 875 2590 Salmeron,
902 2538 1161 2593 exaequari,
1188 2552 1381 2593 quorum
1404 2538 1637 2594 praeclara
1665 2538 1733 2580 fa—

84 2615 239 2659 cinora
277 2615 477 2672 eleganti
514 2617 687 2659 calamo
726 2616 1043 2667 Rivadeneira,
1079 2615 1247 2671 aliique
1284 2614 1459 2658 nobiles
1489 2614 1733 2671 scriptores

82 2692 379 2736 illustrarunt.
407 2695 470 2736 At
498 2694 695 2738 cessabit
717 2695 920 2750 profecto
943 2692 1197 2737 istiusmodi
1220 2692 1481 2743 admiratio,
1507 2707 1611 2735 cum
1635 2691 1732 2748 epi—

81 2770 222 2813 stolae
245 2778 516 2826 caeteraque
539 2771 652 2814 tanti
676 2771 757 2813 viri
787 2773 1061 2814 documenta
1090 2770 1134 2812 in
1164 2769 1391 2826 publicam
1420 2770 1568 2812 lucem
1592 2769 1727 2821 edita,

82 2849 138 2890 ab
161 2847 371 2891 omnibus
394 2849 610 2905 cognosci
633 2849 828 2893 valeant.
850 2851 907 2891 Et
924 2863 1049 2900 sane,
1070 2848 1254 2903 quando
1272 2847 1358 2890 alia
1376 2846 1489 2890 ratio
1508 2862 1601 2889 non
1620 2861 1730 2903 sup—

84 2932 272 2980 peteret,
298 2941 378 2981 pro
403 2932 526 2969 tanta
551 2933 733 2981 tamque
757 2925 953 2982 pretiosa
981 2932 1379 2968 monumentorum
1403 2923 1671 2994 supellectili
1704 2939 1729 2966 e

85 3002 269 3059 pulvere
293 3003 578 3047 archivorum
602 3004 853 3056 educenda,
881 3018 1015 3060 quam
1040 3002 1215 3058 egregii
1232 3002 1369 3060 hujus
1386 2994 1475 3044 viri¹
1489 3011 1652 3045 nomen
1671 3002 1727 3044 ab
