2038 3313
651 189 806 224 PATms
834 188 985 223 NADAL
1011 196 1148 223 GESTA
1666 198 1720 224 vn

74 292 150 347 tia,
173 300 222 336 ut
245 292 339 349 ipse
363 291 544 349 saepius
568 293 750 343 fatetur,
777 290 1025 334 destitutus
1053 292 1080 332 ¹.
1108 291 1175 332 Ex
1201 289 1386 333 fortuita
1402 304 1509 333 vero
1528 290 1720 335 lectione

74 371 310 426 cujusdam
328 369 545 426 epistolae
564 371 615 413 P.
638 371 674 412 F
677 367 1050 426 rancisciJavier,
1073 367 1149 423 qui
1167 381 1221 411 eo
1236 374 1438 424 ternpore
1452 367 1497 410 in
1512 367 1719 412 christia—

74 463 132 492 na
154 447 381 504 religione
399 447 517 495 indis
539 446 852 490 annuntianda
874 445 1133 498 insudabat,
1154 460 1312 498 novos,
1339 446 1722 501 vehementesque

75 525 280 568 stimulos
310 526 377 574 ,ad
402 524 716 581 perfectiorem
740 523 860 567 vitae
889 531 1057 566 statum
1087 523 1450 579 amplectendum
1480 523 1718 579 persensit,

76 604 371 658 Romamque,
407 603 532 645 nulla
564 617 690 645 mora
721 601 1002 657 interposita,
1039 600 1348 657 proficiscens,
1379 600 1436 643 ab
1466 600 1643 657 Ignatio
1676 600 1722 643 in

76 679 366 733 Societatem,
397 680 470 724 die
510 691 565 738 29
604 679 892 733 Novembris,
924 694 1045 722 anno
1081 689 1208 733 1545,
1241 677 1497 734 adscriptus
1528 685 1612 731 est,
1645 678 1723 721 ubi

74 759 255 801 tandem
277 765 323 802 et
345 757 482 801 animi
505 757 858 801 consolationem
882 764 928 800 et
944 756 1145 813 corporis
1162 755 1465 813 refrigerium,
1487 763 1537 798 ut
1555 755 1651 812 ipse
1668 757 1724 799 de

73 851 123 879 se
144 836 322 888 scribit,
343 836 437 892 jam
461 835 507 878 in
529 835 627 892 ipso
649 835 803 878 limine
825 834 947 878 vitae
969 833 1210 891 religiosae
1232 834 1424 890 adeptus
1447 840 1517 877 est
1538 834 1570 877 ⁴².

163 916 333 957 Romae
355 915 441 957 sub
464 913 629 971 Ignatii
652 913 889 970 disciplina
913 919 1090 956 tanturn
1109 911 1236 955 brevi
1254 911 1462 968 profecit,
1485 918 1576 954 tarn
1594 912 1723 968 peni-

76 998 148 1034 tus
186 991 426 1036 Societatis
457 994 568 1050 Jesu
602 991 913 1034 institutiones
935 989 1174 1042 intellexit,
1217 996 1307 1032 tam
1345 990 1479 1046 plene
1516 989 1723 1046 spiritum

74 1068 271 1125 ipsarum
295 1069 462 1122 hausit,
490 1077 540 1112 ut
562 1069 680 1112 inter
704 1076 769 1112 tot
794 1076 978 1125 tamque
995 1067 1208 1125 egregios
1225 1067 1363 1120 viros,
1385 1067 1462 1123 qui
1481 1074 1591 1110 tunc
1610 1074 1724 1111 tem-

75 1146 193 1203 poris
217 1146 262 1189 in
287 1147 497 1191 universa
520 1147 750 1192 Societate
771 1148 1010 1200 florebant,
1031 1145 1258 1189 neminem
1278 1148 1330 1188 P.
1357 1145 1504 1188 Nadal
1522 1145 1723 1202 superio·

75 1240 166 1268 rem
206 1226 277 1269 vel
316 1226 552 1281 aequalem
590 1224 771 1268 duxerit
809 1223 1031 1281 Ignatius,
1057 1222 1132 1267 cui
1161 1238 1267 1267 suas
1296 1222 1419 1266 vices
1448 1222 1493 1266 in
1523 1224 1724 1280 regenda

72 1302 321 1355 Societate,
349 1303 394 1346 in
423 1302 826 1346 constitutionibus
856 1317 935 1358 per
964 1303 1191 1359 Europam
1221 1301 1565 1358 promulgandis
1595 1316 1723 1345 com-

74 1379 252 1424 mittere
274 1388 445 1437 posset.

162 1460 422 1514 Antequam
445 1474 554 1503 vero
578 1459 691 1503 tanti
713 1459 930 1502 momenti
954 1458 1102 1502 officia
1123 1458 1208 1515 ipsi
1231 1457 1547 1501 commendata
1569 1458 1720 1510 vellet,

74 1536 295 1593 Ignatius,
321 1552 401 1593 pro
431 1551 514 1580 sua
542 1537 589 1580 in
621 1536 855 1582 hominum
889 1536 1086 1594 ingeniis
1118 1535 1406 1593 explorandis
1437 1535 1720 1587 dexteritate,

77 1614 224 1658 Patris
247 1616 392 1658 Nadal
415 1615 700 1672 prudentiam
722 1622 1017 1670 caeterasque
1044 1614 1238 1657 virtutes
1261 1616 1432 1657 Rornae
1460 1613 1507 1656 in
1535 1628 1722 1657 munere

75 1691 265 1735 ministri
294 1708 373 1749 per
410 1694 702 1750 semetipsum
740 1692 932 1750 experiri
961 1692 1120 1736 voluit.
1158 1694 1275 1735 Tum
1308 1691 1355 1734 in
1386 1690 1585 1736 Siciliam
1618 1705 1721 1734 eum

74 1770 210 1823 misit,
236 1778 281 1814 et
303 1772 496 1829 collegio
519 1772 787 1816 mamertino
810 1770 1042 1828 praefecit,
1070 1770 1145 1813 ubi
1170 1770 1287 1814 inter
1303 1769 1389 1813 alia
1406 1770 1636 1826 praeclara
1655 1770 1720 1812 fa—

71 1847 241 1901 cinora,
264 1849 507 1906 collegium
525 1849 741 1906 trilingue
758 1852 996 1893 Messanae
1014 1847 1226 1901 instituit,
1246 1847 1519 1904 legibusque
1540 1846 1720 1903 sapien—

74 1924 255 1968 tissimis
277 1926 453 1979 ditavit,
481 1927 789 1971 universitatis
813 1926 1143 1970 institutionem
1167 1924 1414 1982 promovit,
1440 1924 1719 1968 dotationem

72 2001 190 2047 illius
212 2011 256 2047 et
278 2004 579 2061 panormitani
602 2004 783 2062 collegii
806 2004 1088 2061 procuravit,
1115 2004 1301 2046 domum
1326 2002 1605 2059 probationis
1628 2001 1719 2059 pri-

70 2095 187 2123 mam
211 2080 255 2123 in
279 2081 507 2126 Societate
529 2082 672 2126 erexit
693 2090 739 2126 et
760 2081 1002 2135 ordinavit,
1030 2081 1219 2124 familias
1243 2079 1502 2137 religiosas,
1529 2081 1716 2132 clerum,

70 2157 249 2212 milites,
276 2160 466 2213 nobiles,
492 2161 685 2217 plebem,
712 2160 950 2204 indefessis
968 2159 1199 2203 laboribus
1217 2158 1502 2211 reformavit,
1528 2173 1720 2202 conver—

69 2251 221 2279 sarum
244 2238 569 2281 monasterium
588 2238 789 2295 Drepani
807 2238 1018 2291 instituit,
1040 2237 1247 2295 publicos
1264 2236 1311 2279 in
1328 2237 1572 2280 sceleratos
1595 2237 1720 2292 leges

70 2314 347 2371 promulgari
370 2315 561 2368 curavit,
587 2316 684 2372 pias
706 2316 983 2369 sodalitateS,
1010 2323 1055 2360 et
1078 2315 1237 2368 erexit,
1264 2322 1310 2359 et
1338 2313 1520 2372 optimis
1549 2313 1719 2357 consti—

72 2390 324 2435 tutionibus
366 2393 568 2446 donavit,
609 2394 802 2451 collegio
842 2409 1028 2437 romano
1066 2392 1366 2449 eleemosynis
1402 2391 1631 2444 subvenit,
1673 2391 1718 2434 in

71 2468 273 2512 Africam
292 2484 395 2513 cum
413 2470 646 2528 hispanica
663 2471 812 2526 classi,
833 2472 890 2515 ad
908 2471 1073 2515 milites
1091 2471 1136 2513 in
1154 2470 1315 2528 spiritu
1328 2471 1572 2527 juvandos,
1589 2468 1718 2512 navi-

70 2545 212 2602 gavit,
239 2554 284 2591 et
304 2548 594 2606 naufragium
619 2549 793 2592 fortiter
814 2549 1000 2606 pertulit
1018 2550 1054 2607 (1
1065 2549 1232 2613 548515
1240 2549 1326 2605 52).
1697 2534 1703 2537 Α

159 2624 245 2668 His
268 2624 456 2681 aliisque
477 2626 693 2682 peractis,
727 2629 915 2670 Romam
945 2627 1001 2670 ab
1030 2626 1209 2683 Ignatio
1240 2632 1455 2679 vocatur,
1488 2625 1566 2668 ubi
1599 2626 1717 2668 sole-

68 2715 218 2745 mnem
241 2703 583 2758 professionem,
609 2704 682 2747 die
705 2716 758 2759 25
778 2704 935 2766 *Martii
963 2715 1090 2760 1552,
1116 2703 1420 2761 nuncupavit3
1447 2704 1589 2746 multa
1611 2702 1716 2746 dein

68 2793 172 2822 cum
195 2794 249 2823 eo
271 2780 476 2837 Ignatius
499 2782 556 2825 de
579 2781 823 2826 Societatis
851 2781 1253 2825 constitutionibus
1281 2780 1496 2832 contulit,
1529 2780 1612 2838 ipsi
1646 2780 1715 2823 in-

146 2970 152 2988 ¹
208 2967 307 3002 Vide
329 2967 651 3011 Clu-012.Natal.,
674 2981 738 3005 nn.
764 2978 819 3015 17,
841 2978 899 3015 21,
920 2979 978 3013 22,
1001 2968 1058 3013 23,
1080 2978 1138 3015 25,
1160 2978 1204 3014 29
1224 2974 1261 3004 et
1282 2967 1339 3003 31.

144 3029 156 3049 Ξ
209 3027 307 3063 Vide
329 3027 475 3064 Claron.
498 3028 651 3071 Natal„
673 3042 710 3065 n.
732 3038 789 3074 50.
