2038 3313
236 176 361 205 XLVIII
863 166 1042 202 NOTITIA
1070 173 1258 201 CODICUM

237 273 443 317 lis—De
468 272 757 315 Professione
779 278 825 315 et
846 272 1178 324 choro—1572.
1193 289 1210 309 »
1238 270 1413 312 Novem
1433 267 1539 311 folia
1553 269 1641 311 hoc
1665 266 1883 323 scriptum

238 350 569 408 complectitur.
597 349 819 407 Singulae
840 348 1033 405 paginae
1056 361 1191 391 cruce
1214 347 1421 404 signatae
1443 352 1564 390 sunt.

328 430 468 472 Hunc
506 434 747 471 tractatum
786 425 993 482 sequitur
1029 425 1142 468 alter
1175 425 1231 467 de
1268 424 1427 467 eodem
1465 428 1759 480 argumento,
1798 422 1885 464 sub

239 522 285 550 n.
318 507 414 560 167,
440 513 564 549 totus
588 520 724 547 manu
748 504 893 547 Nadal
916 509 1127 546 exaratus
1150 501 1376 545 sexdecim
1399 501 1447 543 ff.
1484 507 1714 552 constans,
1750 513 1886 542 cruce

237 584 343 628 item
367 583 560 639 singulis
582 581 761 639 paginis
783 580 990 637 signatis,
1017 579 1091 623 cui
1115 579 1289 622 titulus:
1321 577 1679 634 «Compendium
1708 591 1880 628 eorum,

239 677 355 719 quae
378 660 552 717 accepit
574 662 632 704 D.
660 661 707 704 S.
735 660 870 702 mma
889 657 1033 700 fusius
1052 656 1263 713 scripta.»
1286 657 1410 700 Ante
1426 657 1550 698 hunc
1573 655 1754 698 titulum
1773 653 1887 697 alius

239 741 296 783 ab
319 739 478 796 ignoto
502 738 682 781 additus
702 737 828 780 hisce
849 735 1016 779 verbis:
1048 734 1280 778 «Pertinet
1303 735 1359 777 ad
1378 749 1451 776 an.
1481 744 1608 788 1572,
1635 747 1739 776 cum
1768 733 1887 776 Gre-

240 817 396 874 gorius
426 817 529 860 XIII
559 815 691 858 iussit
728 813 993 870 recognosci
1023 827 1206 856 causam
1247 810 1488 856 Societatis
1525 825 1663 866 super
1685 811 1823 853 choro
1845 817 1889 852 et

237 893 671 951 professione.›>—A
695 900 826 948 tergo
844 891 991 934 ultimi
1015 889 1107 933 folii
1130 889 1289 946 ignota
1306 903 1460 931 manu:
1491 888 1545 946 <‹·1-
1569 890 1686 946 Jhus
1714 887 1720 946 Ι
1749 888 1889 931 Com—

237 971 452 1029 pendium
476 970 705 1027 amplioris
732 969 739 1028 1
768 968 922 1025 scripti
945 969 1002 1012 de
1019 967 1299 1024 professione
1327 966 1332 1024 Ι
1361 974 1406 1010 et
1424 968 1576 1009 choro.
1606 976 1762 1020 1572.»
1785 964 1889 1008 Alia

239 1065 392 1094 manu:
423 1049 642 1094 «Videtur
665 1062 827 1092 manus
852 1049 903 1090 P.
931 1046 1123 1090 Nadal.»

330 1130 498 1172 Postea
525 1127 611 1170 sub
640 1142 686 1169 n.
720 1127 775 1169 68
815 1124 1021 1180 sequitur
1044 1123 1089 1165 in
1129 1123 1285 1167 eodem
1326 1122 1556 1165 volumine
1593 1121 1708 1164 alius
1743 1122 1886 1164 codex

239 1207 466 1263 oblongus
487 1205 534 1247 in
564 1217 609 1248 11
638 1202 871 1248 semifoliis
896 1203 989 1245 fere
1020 1201 1232 1245 omnibus
1255 1200 1450 1256 scriptis.
1479 1202 1624 1243 Totus
1647 1200 1790 1242 codex
1818 1205 1887 1241 est

241 1283 390 1328 Patris
427 1283 573 1327 Nadal
611 1282 947 1338 autographus,
989 1280 1074 1322 sub
1113 1281 1202 1322 hoc
1239 1278 1371 1321 titulo
1409 1279 1465 1321 ab
1509 1278 1606 1333 ipso
1649 1277 1882 1333 inscripto:

245 1362 306 1420 1.‹†
334 1362 340 1420 1
368 1363 438 1405 De
480 1362 618 1403 choro
656 1365 701 1402 et
738 1357 953 1414 professis
982 1372 1062 1413 pro
1091 1356 1319 1401 Societate
1347 1358 1474 1413 Jesu,
1507 1355 1605 1411 ipso
1641 1354 1879 1411 propitio.»

241 1439 461 1496 Singulae
481 1436 676 1494 paginae
699 1450 834 1479 cruce
856 1442 964 1478 sunt
986 1434 1202 1477 munitae.

928 1596 1110 1636 Codex
1141 1596 1212 1635 ¹5

329 1754 399 1795 De
435 1751 599 1795 studiis
636 1750 1029 1793 Societatis.—Est
1067 1755 1287 1791 tractatus
1324 1748 1381 1791 de
1418 1747 1592 1791 ratione
1629 1748 1884 1791 studiorum

242 1829 482 1875 Societatis
499 1831 609 1887 Jesu
628 1843 653 1871 a
669 1830 720 1871 Ρ.
743 1827 889 1871 Nadal
906 1825 1200 1882 compositus,
1221 1826 1353 1881 cujus
1372 1832 1723 1881 transumptum,
1750 1839 1884 1880 quem

242 1922 350 1964 prae
377 1906 521 1950 oculis
547 1907 784 1957 habemus,
823 1915 870 1959 15
901 1903 1079 1960 paginis
1107 1903 1151 1945 in
1183 1904 1241 1946 f.0
1289 1918 1475 1946 romano
1503 1911 1696 1945 constat.
1730 1903 1885 1946 Codex

241 1993 410 2038 autem,
436 1985 558 2027 unde
580 1984 894 2040 apographum
917 1989 1122 2024 nostrum
1145 1981 1436 2036 desumptum
1467 1988 1552 2034 est,
1578 1996 1661 2023 suo
1683 1981 1783 2024 loco
1805 1996 1863 2037 op
1883 2008 1888 2011 -

241 2070 435 2119 portune
457 2061 755 2105 describetur.
789 2059 878 2103 Hic
909 2066 1059 2102 autem
1089 2058 1213 2101 illum
1244 2065 1486 2101 tractatum
1515 2072 1619 2101 cum
1648 2058 1746 2102 aliis
1775 2057 1883 2101 scri-

242 2141 330 2197 ptis
354 2140 502 2184 Patris
525 2139 670 2183 Nadal
692 2136 976 2181 recensuisse
998 2135 1208 2179 sufficiat.

924 2298 1107 2338 Codex
1138 2297 1212 2337 1ss

334 2453 570 2495 Examina
608 2453 807 2493 Palmam
847 2465 898 2492 ac
928 2450 1146 2508 fratrmn
1187 2449 1420 2491 Societatis
1442 2449 1553 2506 Jesu
1583 2465 1610 2491 av
1641 2451 1699 2492 P.
1736 2449 1890 2492 Nadal

247 2531 530 2583 collecta—4
551 2528 784 2572 volumina
805 2528 851 2570 in
875 2538 974 2581 40,
1001 2528 1190 2579 Rornae,
1216 2526 1262 2568 in
1292 2526 1509 2568 Ambivio
1538 2527 1585 2568 di
1607 2527 1742 2579 Stato,
1766 2527 1891 2569 nulla

247 2608 482 2664 signatura
503 2606 734 2659 distincta,
760 2605 877 2648 inter
898 2619 1027 2656 mss.,
1061 2619 1176 2660 quae
1198 2603 1319 2656 olim,
1350 2618 1413 2646 sc.
1447 2610 1553 2647 ante
1582 2618 1751 2646 annum
1781 2605 1889 2659 1873

246 2685 292 2728 in
337 2684 577 2729 Societatis
609 2685 719 2741 Jesu
758 2682 1043 2739 possessione
1086 2688 1230 2725 erant.
1273 2682 1641 2737 Unumquodque
1678 2681 1891 2724 volumen

249 2777 333 2817 300
356 2763 402 2804 ff.
429 2762 501 2805 vel
525 2760 717 2817 amplius
740 2767 935 2812 constat,
962 2760 1078 2802 male
1101 2759 1282 2813 assutis,
1309 2766 1353 2802 et
1370 2759 1494 2801 nulla
1511 2758 1709 2802 exterius
1732 2758 1892 2801 inscri—

247 2840 402 2896 ptione
423 2838 632 2896 signatis.
660 2837 873 2882 Numeris
897 2845 1048 2880 tamen
1070 2836 1418 2893 distinguuntur
1441 2836 1622 2892 singula
1643 2837 1893 2879 documen-

249 2925 308 2969 ta,
335 2917 414 2960 sed
438 2917 562 2958 nullo
585 2915 741 2958 ordine
764 2915 811 2957 in
833 2914 886 2957 iis
915 2921 1108 2958 servato.
1142 2915 1262 2958 Sunt
1291 2914 1384 2957 fere
1413 2912 1564 2955 omnia
1591 2915 1889 2969 autographa,

248 3002 293 3038 et
316 2994 550 3037 continent
572 2992 780 3037 examina
807 2993 1046 3048 quaedam,
1079 2991 1246 3046 quibus
1269 2990 1438 3047 singuli
1462 2992 1620 3034 Patres
1650 3005 1701 3033 ac
1732 2991 1893 3033 fratres
