2038 3313
246 158 315 201 064
818 155 956 190 EmsT.
985 153 1028 189 P.
1050 152 1320 190 NADAtss188

335 261 406 302 No
430 274 540 311 mas,
567 272 677 302 seno
707 271 796 314 que
819 259 876 302 V.
906 259 956 301 P.
981 271 1064 300 nos
1086 257 1339 302 encomede
1361 256 1527 300 mucho
1551 271 1608 301 en
1631 269 1709 300 sus
1737 262 1891 300 santos

245 336 489 381 sacrificios
511 352 541 392 y
563 335 812 379 oraciones.

333 417 402 460 De
426 413 655 467 Coimbra,
684 415 739 458 26
766 415 822 458 de
846 415 1018 459 Ebrero
1040 413 1098 456 de
1127 414 1252 467 1562.

1079 490 1221 535 Filius
1243 490 1431 543 inutilis,

1149 595 1359 673 MANossi.
1393 619 1644 673 ALUAREZ.

338 727 584 784 Inscriptio
606 727 657 769 in
680 730 848 783 quarta
859 728 1065 784 pagina:
1083 725 1269 783 †Jes[1s.
1292 726 1352 769 Al
1370 741 1478 781 muy
1496 726 1611 769 Rdo.
1634 741 1691 768 en
1710 725 1893 769 Christo

249 806 396 849 Padre
418 805 460 849 el
485 807 537 848 Ρ.
565 807 657 848 Μ.Ο
677 807 925 863 Jeronymo
948 804 1110 858 Nadal,
1136 802 1398 847 comissario
1416 804 1602 860 general
1618 803 1675 848 de
1692 804 1735 847 la
1753 804 1892 847 Com—

250 887 385 940 paffia
407 884 462 926 de
480 885 631 941 Jessis.

338 961 446 1003 Alia
470 975 634 1003 manu:
663 962 789 1016 1562.
821 959 1029 1005 Coimb.a
1057 961 1110 1003 P.
1144 943 1366 1003 Emanilel
1389 949 1604 1004 Aluarez.
1639 961 1695 1003 26
1717 961 1773 1003 de
1796 960 1893 1003 He—

251 1040 400 1082 breso.

339 1116 497 1173 Sigillz·
528 1117 712 1173 aliquod
749 1117 994 1173 vestigium
1033 1120 1198 1169 manet,
1237 1117 1336 1160 licet
1365 1131 1456 1174 qna
1486 1120 1622 1174 parte
1653 1117 1892 1174 obsignata

241 1195 409 1254 fuerat
430 1195 628 1252 epistola,
651 1195 812 1238 charta
829 1195 1021 1238 discissa
1035 1195 1206 1253 fuerit.

1020 1414 1135 1456 188

570 1521 635 1563 P.
694 1520 1248 1563 HIERONYMUS
1302 1519 1583 1562 NADAL

747 1615 907 1651 PATRI
941 1614 1186 1652 ANTONIO
1223 1614 1404 1652 ARAOZ

650 1713 947 1770 Compluti,
989 1729 1016 1771 9
1055 1712 1234 1758 Martii
1278 1713 1411 1768 1562
1462 1714 1495 1756 ¹.

878 1821 1053 1857 Litterae
1072 1825 1267 1868 patentes,

252 1918 298 1953 P.
317 1919 517 1954 Antonius
533 1919 667 1955 Axaoz
681 1919 986 1955 commissarius
996 1918 1206 1966 generalis
1215 1921 1294 1965 pro
1305 1918 1514 1964 Hispania
1529 1920 1565 1953 et
1577 1917 1706 1953 [ndiis
1720 1919 1898 1953 creatur.

1005 2002 1137 2096 Jhiis.

342 2134 652 2191 Hieronymus
682 2134 873 2187 Natalis,
906 2134 1147 2179 Societatis
1179 2136 1292 2192 Jesu
1330 2134 1668 2178 commissarius
1705 2149 1900 2191 genera-

253 2212 322 2266 lis,
344 2213 458 2257 Rdo.
481 2212 525 2255 in
552 2212 735 2256 Christo
760 2211 884 2255 Patri
902 2211 1077 2255 doctori
1099 2212 1304 2255 Antonio
1327 2213 1494 2266 Araoz,
1520 2212 1724 2257 eiusdem
1743 2211 1901 2257 Socie-

255 2289 359 2333 tatis
382 2291 601 2347 professo,
629 2291 822 2334 salutem
845 2289 891 2332 in
914 2289 1111 2333 Domino
1140 2290 1477 2347 sempiternam.
1505 2291 1623 2335 Cum
1653 2306 1709 2336 ex
1736 2291 1895 2334 autho-

329 2468 337 2488 ¹
390 2467 448 2500 Ex
466 2467 679 2512 archetypo
698 2466 938 2510 authentico,
959 2477 980 2500 a
1000 2465 1178 2511 Jimenez
1198 2471 1370 2510 exarato,
1391 2471 1430 2502 et
1449 2466 1579 2512 sigillo
1594 2466 1803 2502 Societatis
1822 2477 1903 2500 mu-

255 2526 352 2571 nit0,
371 2537 460 2561 cum
478 2526 522 2561 P.
549 2526 672 2561 Nadal
692 2525 981 2572 subscriptione
1006 2527 1261 2572 autographa,
1282 2525 1321 2561 in
1349 2525 1444 2562 Cod.
1467 2537 1528 2568 20,
1560 2527 1687 2562 Varia
1710 2527 1819 2567 hist„
1847 2525 1902 2568 II,

254 2585 400 2632 duplici
419 2585 502 2631 fol.,
527 2586 588 2630 76.
614 2586 658 2621 In
683 2598 833 2621 summa
857 2597 937 2629 ora,
965 2598 1081 2621 manu
1106 2586 1150 2621 P.
1183 2586 1455 2633 Christophori
1473 2586 1522 2622 de
1542 2587 1696 2632 Castro,
1718 2587 1815 2622 haec
1839 2598 1905 2622 an-

255 2651 385 2680 notata
401 2651 505 2681 sunt:
523 2646 693 2681 Patente
707 2646 771 2681 del
787 2647 835 2681 P.
853 2645 1005 2687 Nadal,
1024 2646 1273 2688 comissario,
1288 2649 1399 2692 para
1413 2647 1449 2682 el
1468 2647 1517 2681 P.
1541 2647 1688 2688 Araoz,
1708 2658 1758 2681 en
1782 2658 1855 2692 que
1871 2647 1905 2682 le

253 2706 377 2740 hazan
391 2706 625 2741 comissario
639 2706 812 2753 general
830 2707 877 2741 de
899 2706 1077 2753 Espafia,
1093 2718 1117 2751 y
1137 2708 1249 2741 trata
1267 2707 1313 2741 de
1333 2707 1374 2741 la
1393 2707 1573 2742 diuision
1591 2706 1638 2741 de
1657 2706 1719 2740 las
1735 2707 1907 2753 prouin-

256 2765 337 2799 cias
355 2766 401 2800 de
427 2766 572 2800 Toledo
586 2778 611 2812 y
634 2764 821 2801 Castilla.

328 2824 435 2859 Idem
452 2826 493 2859 P.
511 2825 697 2874 CASTRQ
714 2825 752 2860 in
767 2825 954 2861 Historia
969 2838 1042 2861 ms.
1057 2826 1122 2861 del
1136 2826 1304 2873 collegio
1319 2826 1584 2873 compzvtense
1599 2827 1645 2862 de
1661 2827 1702 2862 Za
1724 2825 1767 2861 C.
1787 2827 1834 2861 de
1844 2826 1904 2872 J.

256 2882 354 2918 infra
373 2884 644 2930 describenda,
661 2885 728 2920 lib.
753 2894 809 2931 10,
829 2897 913 2932 cap.
935 2884 970 2930 3,
991 2885 1058 2921 fol.
1079 2885 1149 2931 342
1175 2899 1228 2930 v.,
1248 2886 1346 2920 haec
1370 2886 1418 2921 ad
1437 2898 1519 2921 rem
1535 2886 1685 2922 scribit:
1708 2877 1905 2921 «Nombro

256 2944 289 2978 61
311 2945 375 2978 Re
398 2944 518 2979 Nadal
540 2956 608 2990 por
626 2945 853 2981 comissario
871 2945 920 2980 (16
947 2947 1100 2992 Espafia
1119 2949 1139 2980 6
1169 2945 1299 2981 Indias
1318 2947 1353 2980 al
1386 2946 1451 2980 Re
1474 2945 1648 2981 Antonio
1679 2946 1727 2983 (16
1761 2946 1902 2990 Araoz,

257 3015 408 3052 eumque
428 3005 462 3039 la
482 3010 640 3052 patente
656 3018 697 3041 se
719 3007 752 3043 la
771 3005 835 3042 dio
855 3007 889 3043 61
910 3009 984 3043 asto
1002 3006 1050 3043 de
1074 3007 1178 3053 1562,
1199 3009 1219 3042 ά
1239 3007 1296 3043 los
1315 3017 1337 3051 9
1356 3006 1404 3042 de
1422 3008 1591 3054 Marco.»
