2038 3313
235 198 277 233 18
825 199 991 235 CHRON.
1021 199 1064 233 P.
1094 198 1282 234 NATALxs

231 302 394 345 deatur
416 315 623 357 pugnare
645 308 695 342 vt
712 301 896 344 omnino
913 315 1114 343 mouear:
1136 301 1281 344 solum
1301 308 1370 344 est
1388 301 1565 344 auersio
1582 300 1735 353 animi,
1757 302 1878 356 quod

231 385 301 421 est
323 377 569 420 maximum
593 385 639 420 et
667 378 969 421 certissimum
999 376 1182 434 signum
1212 393 1311 421 eam
1340 392 1439 421 esse
1461 378 1742 421 voluntatem
1771 378 1873 431 Dei;

230 462 333 511 post
351 470 485 511 quam
504 454 567 496 illi
585 469 763 507 sensus,
784 455 1033 511 deprauata
1048 455 1276 506 voluntas,
1298 455 1512 506 mundus,
1526 456 1686 507 honor,
1701 455 1876 511 species

230 533 453 586 quaedam
477 531 772 584 infidelitatis,
798 531 1045 588 cogitando
1067 531 1257 574 nimium
1280 531 1584 585 difficultates,
1610 538 1732 584 sunt,
1760 546 1876 587 quae

229 624 320 652 non
342 615 535 665 possunt
557 608 790 665 percipere
812 623 1007 665 regnum
1030 608 1132 660 Dei,
1159 615 1205 651 et
1227 623 1344 664 quae
1365 607 1592 651 contraria
1613 615 1721 651 sunt
1742 608 1875 665 spiri-

229 685 310 728 tui.
339 687 512 741 Itaque,
540 700 813 742 quamquam
837 686 1064 738 venirent,
1096 692 1432 741 oppugnarent,
1457 685 1733 738 resisterent,
1765 700 1875 729 con—

228 762 519 815 tradicerent,
554 770 778 807 terrerent
807 778 964 807 omnes
991 763 1266 805 dificultates
1294 769 1340 805 et
1369 763 1513 805 multo
1540 763 1708 818 plures,
1741 778 1873 818 quam

226 839 348 882 sensi
385 854 489 896 ego,
531 841 604 883 vel
642 840 828 883 omnino
865 841 984 882 vllus
1022 841 1157 882 homo
1180 839 1337 891 sensit,
1373 840 1447 883 vel
1484 839 1691 883 diabolus
1730 848 1878 896 potest

225 916 484 971 immittere,
510 932 607 975 ego,

315 1007 387 1052 49.
477 996 534 1038 In
556 996 742 1038 nomine
764 996 801 1038 S
804 1030 811 1037 .
822 1007 911 1030 mae
943 995 1201 1046 Trinitatis,
1222 994 1398 1047 Patris,
1424 996 1528 1037 Iesu
1553 996 1600 1037 X
1603 995 1645 1047 .i,
1664 999 1703 1037 et
1721 995 1874 1052 Spiri-

225 1075 296 1114 tus
318 1072 418 1124 Sti,
437 1073 605 1129 definio
628 1076 668 1115 et
684 1078 889 1129 propono
909 1073 1037 1128 sequi
1060 1072 1251 1114 consilia
1273 1073 1543 1127 euangelica
1566 1087 1667 1114 cum
1686 1073 1799 1115 votis
1821 1073 1869 1114 iv

223 1149 437 1192 Societate
459 1151 577 1201 Iesu,
601 1153 641 1192 et
663 1150 818 1191 animo
833 1152 1032 1205 paratus
1055 1163 1156 1191 sum
1183 1150 1360 1206 facere,
1384 1163 1498 1204 quae
1521 1150 1580 1191 ad
1612 1149 1739 1192 illam
1763 1151 1870 1192 atti—

222 1229 343 1278 nent,
366 1227 548 1268 etiamsi
568 1227 708 1269 velint
729 1230 775 1268 vt
794 1228 948 1268 statim
971 1240 1173 1279 vomam,
1192 1229 1232 1267 et
1254 1225 1332 1267 lzoc
1354 1227 1363 1246 ¹
1389 1240 1489 1268 cum
1513 1241 1690 1269 summo
1709 1228 1869 1269 timore

221 1307 261 1345 et
284 1307 479 1345 tremore
500 1307 540 1346 et
557 1304 647 1345 Dei
669 1304 863 1346 Domini
884 1304 1032 1345 nostri
1062 1304 1162 1345 Iesu
1194 1304 1286 1354 X.i‚
1316 1306 1356 1345 et
1384 1304 1530 1358 ipsius
1560 1318 1754 1356 summa,
1779 1318 1867 1360 qua

221 1382 364 1423 imme
386 1395 492 1423 vsus
510 1384 575 1423 est
599 1382 933 1433 misericordia,
956 1395 1093 1423 voueo
1116 1384 1204 1422 tota
1222 1381 1395 1431 anima,
1416 1384 1504 1422 tota
1520 1381 1758 1434 voluntate,
1779 1385 1866 1424 tota

219 1459 401 1500 virtute.
429 1459 499 1500 Sit
518 1459 691 1515 gloria.
714 1460 878 1500 Amen.
901 1459 1086 1510 Romae,
1105 1472 1228 1500 anno
1246 1458 1360 1499 Dm'.
1387 1468 1514 1511 1545,
1532 1458 1604 1500 die
1622 1470 1649 1500 2
1654 1469 1678 1512 3
1695 1459 1867 1501 mensis

220 1536 509 1588 Nouembris,
533 1536 648 1577 liora
674 1534 728 1578 [8
752 1550 853 1578 cum
878 1535 1074 1577 dimidia
1103 1535 1134 1587 ²,
1165 1549 1303 1590 quum
1328 1536 1531 1593 fuissem
1564 1537 1613 1577 in
1636 1535 1867 1578 exercitiis

220 1610 276 1654 18
297 1613 392 1655 dies
421 1614 452 1655 ³.

310 1701 379 1744 50.
447 1691 708 1734 Consecuta
731 1698 799 1734 est
821 1690 1113 1742 incredibilis,
1140 1705 1231 1733 non
1261 1691 1407 1733 solum
1438 1690 1573 1733 animi
1596 1690 1862 1744 consolatio,

218 1767 297 1810 sed
321 1767 522 1823 corporis
545 1767 849 1824 refrigerium,
875 1775 924 1810 vt
948 1768 961 1787 ⁴

984 1890 1097 1922 1545

308 2011 378 2055 51.
447 2001 565 2044 Veni
589 2002 646 2043 ad
669 2000 883 2044 exercitia
908 2011 930 2055 5
955 2000 1230 2044 Nouembris
1259 2003 1289 2043 ⁵.

309 2090 379 2133 52.
446 2077 562 2137 [Die]
588 2090 660 2133 23,
688 2077 773 2121 feci
795 2084 951 2120 votum
975 2077 1260 2134 ingrediendi
1284 2078 1574 2123 Societatem.

290 2296 299 2315 ¹
354 2293 420 2328 Bis
436 2294 510 2328 hoc
525 2294 690 2328 verbum
707 2292 864 2339 scripsit
878 2293 921 2327 P.
938 2292 1078 2336 Nadal,
1094 2297 1185 2328 nota
1200 2305 1269 2328 seu
1284 2293 1582 2330 abbreviatione
1597 2300 1689 2330 tunc
1704 2294 1862 2331 usitata.

283 2356 297 2375 ‘2
351 2354 456 2387 Hora
479 2352 534 2396 18,
556 2365 662 2387 more
682 2352 784 2399 apud
803 2351 916 2387 italos
935 2357 1109 2399 recepto,
1129 2352 1195 2399 qui
1213 2365 1234 2388 a
1252 2354 1344 2388 sohs
1359 2364 1500 2388 occasu
1516 2353 1630 2389 unius
1645 2354 1723 2389 diei
1738 2367 1862 2402 usque

213 2413 262 2448 ad
280 2424 463 2448 occasum
483 2412 576 2447 solis
595 2411 674 2447 diei
693 2412 912 2459 sequentis,
933 2421 978 2457 24
995 2413 1109 2447 horas
1128 2424 1332 2448 numerare
1351 2419 1630 2449 consuescunt.

284 2474 297 2493 5
350 2473 463 2506 Hanc
483 2477 663 2507 votorum
682 2471 886 2507 formulam
907 2472 1154 2518 transcripsit
1172 2471 1425 2516 ORLANDINI,
1447 2473 1552 2508 Hist.
1577 2474 1688 2520 S.J.‚
1715 2474 1782 2509 lib.
1811 2475 1861 2519 V,

211 2545 248 2568 n.
267 2532 302 2577 8,
320 2544 368 2567 ex
384 2532 483 2578 ipso,
500 2536 542 2566 ut
557 2531 640 2578 ipse
656 2531 724 2575 ait,
740 2532 981 2578 autographo
996 2532 1279 2578 depromptam3
1290 2531 1681 2568 animadvertendum
1691 2545 1785 2568 vero
1800 2539 1861 2569 est

212 2605 302 2627 eum
322 2591 452 2638 potius
471 2603 631 2626 sensum
650 2603 767 2637 quam
786 2592 906 2626 verba
925 2591 1244 2637 transumpsisse,
1263 2603 1362 2638 quae
1381 2592 1538 2638 quidem
1559 2593 1791 2638 elegantiori
1810 2595 1860 2628 la-

211 2652 369 2686 tinitate
396 2650 571 2686 donavit.

282 2713 296 2732 4
346 2712 419 2754 Ita,
441 2722 560 2746 sensu
579 2710 832 2757 imperfecto,
852 2710 1046 2745 clauditur
1064 2711 1160 2745 haec
1186 2712 1450 2757 paragraphus
1475 2711 1522 2746 ad
1547 2713 1694 2746 calcem
1722 2712 1860 2759 prioris

210 2771 374 2818 paginae
394 2771 477 2806 folii
497 2781 565 2815 29,
593 2770 705 2816 cujus
731 2772 852 2805 altera
877 2770 1018 2816 pagina
1044 2771 1189 2805 nullam
1215 2771 1334 2805 habet
1359 2770 1604 2817 scripturam.
1627 2772 1739 2817 Quae
1765 2784 1860 2807 vero

209 2836 440 2878 sequuntur,
461 2830 573 2865 initio
593 2830 675 2865 folii
694 2830 767 2864 20.i
795 2829 1003 2876 incipiunt,
1023 2831 1072 2864 ab
1091 2841 1191 2864 anno
1214 2837 1317 2874 1545.

282 2891 296 2911 ⁵
347 2889 508 2924 Scilicet
527 2889 590 2924 die
612 2888 663 2933 5.'¹
684 2900 864 2936 vespere,
885 2888 988 2923 unde
1005 2900 1082 2923 non
1102 2890 1323 2924 numeravit
1342 2890 1441 2923 hanc
1459 2888 1565 2923 diem
1584 2890 1622 2924 in
1641 2889 1696 2935 18,
1716 2890 1858 2937 quibus

210 2949 380 2985 absolvit
399 2948 602 2994 negotium
623 2961 716 2983 suae
736 2948 954 2993 electionis,
975 2953 1017 2983 ut
1035 2947 1233 2994 colligitur
1252 2960 1300 2983 ex
1320 2948 1386 2992 iis,
1412 2960 1511 2994 quae
1538 2948 1694 2995 scripsit
1718 2950 1857 2996 Nadal,

212 3010 259 3044 ad
281 3009 399 3043 finem
419 3022 456 3043 n.
477 3019 536 3053 49.
