2038 3313
338 194 407 222 ΧΠ*
910 185 1155 221 PRAEFATIO
1180 193 1415 222 GENERAms

335 289 523 344 rosario,
549 290 630 333 sed
653 289 944 333 conseruauit
966 304 1048 345 pro
1072 288 1250 345 magnis
1273 288 1488 344 reliquiis.
1517 287 1691 345 Tetigit
1719 287 1984 332 enim‘inter

337 368 423 411 alia
446 367 678 411 sudarium
702 366 828 423 Xpi.,
855 374 900 409 et
928 365 1110 422 quidem
1139 366 1365 423 sanguine
1393 366 1634 420 imbutum,
1667 373 1712 409 et
1741 365 1849 409 alias
1877 365 1982 409 reli-

336 445 465 502 quias
487 446 660 500 absque
678 443 830 488 'medio
853 443 1026 499 aliquo;
1052 451 1347 500 posteaquam
1370 444 1483 486 vidit
1506 443 1734 500 reliquias,
1765 457 1980 499 perseue-

334 530 462 566 rante
484 522 746 576 deuotione,
772 521 896 565 dedit
919 536 969 565 se
991 520 1200 574 orationi,
1227 528 1272 564 et
1295 537 1386 565 non
1404 521 1552 578 potuit
1568 537 1649 578 pro
1667 537 1716 565 se
1733 536 1878 575 orare,
1898 521 1979 564 sed

333 616 414 657 pro
436 600 538 653 illis,
565 599 685 643 circa
707 614 824 656 quae
846 606 1053 643 versatur
1075 599 1316 644 Societatis
1339 599 1458 653 finis,
1478 607 1527 642 vt
1549 599 1765 642 iuuentur
1781 598 1978 642 haereti-

333 678 390 731 ci,
416 678 638 731 infideles,
666 685 710 721 et
733 677 924 722 ecclesia
944 678 1231 730 reformetur,
1258 678 1337 721 sed
1367 692 1457 720 non
1482 685 1572 721 tam
1596 684 1692 720 erat
1721 678 1833 720 haec
1860 676 1978 733 peti-

331 757 409 809 tio,
436 771 570 812 quam
594 756 750 799 suauis
773 757 995 812 quaedam
1019 762 1064 800 et
1086 755 1240 812 quieta
1268 755 1590 811 contemplatio
1618 754 1796 797 illarum
1826 769 1976 798 rerum

331 834 377 876 in
400 835 517 886 luce,
544 832 673 890 quasi
696 833 733 877 si
756 841 1018 890 praesentes
1040 840 1351 885 cernerentur,
1379 833 1459 876 sed
1487 832 1564 875 vbi
1592 834 1705 876 haec
1734 833 1790 875 ad
1818 846 1979 875 causas

328 911 565 955 inferiores
588 912 842 964 reduceret,
875 926 1059 955 sensum
1084 910 1362 963 inueniebat,
1389 910 1517 967 quasi
1541 911 1706 953 bonam
1735 911 1977 966 quamdam

329 998 375 1033 et
397 1005 585 1033 suauem
609 991 890 1033 voluntatem
909 990 965 1032 ad
983 989 1073 1042 illa,
1099 989 1145 1031 in
1169 988 1316 1045 gratia
1339 988 1593 1033 Societatis.
1622 987 1711 1031 Vbi
1730 1002 1837 1031 vero
1855 988 1911 1030 ad
1929 1002 1977 1031 se

325 1068 644 1121 descenderet,
669 1068 741 1110 vel
763 1082 845 1124 pro
868 1082 916 1110 se
939 1074 1103 1119 oraret,
1130 1066 1326 1110 audiuit:
1358 1074 1462 1109 «Ποῖ
1484 1081 1617 1110 cures
1640 1081 1728 1122 que
1750 1068 1853 1109 Deu
1876 1070 1975 1109 sera

330 1148 386 1189 ab
420 1153 470 1189 tu
503 1148 539 1185 ¹»
572 1149 649 1201 (ne
677 1160 821 1198 cures,
851 1146 958 1202 quia
988 1147 1115 1187 Deus
1143 1146 1231 1187 erit
1260 1148 1443 1199 tecumss
1474 1145 1554 1187 sed
1587 1159 1690 1187 cum
1725 1143 1970 1195 dubitaret,

327 1226 448 1280 quod
470 1223 700 1267 videretur
722 1229 761 1263 τὸ
792 1230 896 1266 «Ποῖ
919 1237 1050 1266 cures
1060 1242 1096 1276 n,
1123 1221 1451 1279 negligentiam
1470 1221 1685 1274 indicare,
1706 1221 1881 1264 audiuit
1903 1221 1973 1263 in-

329 1302 582 1359 terpretari,
613 1309 717 1345 «not
740 1316 919 1355 cures»,
945 1300 989 1343 id
1012 1308 1097 1355 est,
1128 1300 1241 1344 «sies
1264 1315 1429 1357 segur»
1461 1303 1571 1354 (esto
1592 1304 1844 1355 κραναῇ.»

417 1381 550 1437 Quae
571 1380 753 1436 quidem
777 1379 943 1432 omnia,
970 1379 1088 1422 sicut
1111 1386 1252 1422 totam
1275 1379 1312 1434 ej
1322 1393 1373 1421 us
1390 1385 1588 1422 mentem
1606 1378 1652 1420 in
1669 1392 1853 1422 secessu
1870 1392 1973 1421 ora-

328 1457 465 1501 tionis
499 1459 759 1514 frequenter
795 1458 1098 1514 occupabant,
1140 1456 1202 1500 ita
1229 1456 1276 1500 in
1305 1456 1576 1500 commercio
1606 1471 1709 1500 cum
1738 1455 1872 1499 sociis
1901 1456 1972 1498 vel

325 1551 429 1579 cum
452 1536 650 1580 externis
671 1543 941 1593 perpetuum
965 1536 1109 1579 ferme
1131 1542 1452 1591 argumentum
1475 1534 1617 1591 ipsius
1640 1533 1971 1577 conversationi

325 1614 692 1671 suppeditabant.

413 1693 614 1749 Idipsum
646 1692 811 1736 clarius
840 1691 1030 1749 patescit
1059 1691 1105 1734 in
1138 1691 1328 1735 caeteris
1360 1691 1539 1748 scriptis
1573 1691 1685 1735 tanti
1717 1690 1816 1744 viri,
1854 1705 1970 1746 quae

323 1771 505 1828 quidem
529 1771 708 1827 integra
731 1771 1074 1827 propemodum,
1101 1785 1193 1813 non
1216 1769 1384 1827 exiguo
1407 1770 1621 1814 historiae
1643 1771 1964 1821 emolumento,

323 1850 380 1893 ad
403 1857 557 1892 nostra
582 1863 725 1904 usque
748 1858 952 1905 tempora
974 1849 1291 1904 perdurarunt.
1320 1849 1385 1891 Ea
1407 1847 1542 1900 enim,
1571 1856 1620 1890 ut
1642 1847 1797 1891 videre
1824 1855 1894 1891 est
1921 1847 1968 1890 in

323 1927 555 1971 codicibus
578 1927 695 1970 infra
717 1926 1043 1979 describendis,
1069 1926 1107 1969 si
1134 1927 1432 1969 Concordicmz
1457 1927 1766 1983 evangelicam
1800 1927 1834 1979 ⁶³,
1867 1927 1967 1968 An—

322 2006 571 2048 Ἰιιοιέιιῑὲιῗοηεε
593 2006 644 2047 in
665 2005 919 2061 evangelia,
943 2011 988 2048 et
1012 2019 1156 2060 pauca
1178 2004 1265 2047 alia
1287 2003 1502 2060 excipias,
1529 2003 1680 2047 omnia
1697 2011 1803 2047 sunt
1820 2004 1877 2047 de
1895 2018 1967 2047 re-

322 2084 408 2126 bus
431 2090 476 2126 et
503 2083 712 2126 instituto
742 2082 998 2127 SocietatiS.
1031 2083 1147 2125 Nam
1178 2082 1223 2124 in
1258 2082 1480 2124 Chronico
1513 2097 1621 2124 suae
1653 2083 1898 2124 vocatiom‘s
1932 2083 1964 2135 ³,

322 2161 479 2204 miram
504 2160 573 2203 sui
597 2160 739 2217 ipsi-us
767 2160 1052 2203 vocationem
1081 2160 1125 2202 in
1157 2159 1447 2213 Societatem,
1475 2175 1610 2215 quam
1633 2159 1758 2216 prius
1784 2159 1967 2202 Parisiis

322 2247 371 2281 ut
394 2246 651 2295 suspectam
675 2239 988 2291 abhorruerat,
1014 2237 1117 2281 stilo
1140 2237 1331 2293 simplici
1359 2245 1404 2281 et
1433 2238 1634 2294 ingenuo
1658 2237 1959 2294 prosequitur.

321 2318 370 2360 In
393 2316 783 2372 Eplzemem'dibus,
807 2316 1051 2372 praecipua
1073 2315 1313 2360 Societatis
1329 2318 1440 2373 Jesu
1463 2323 1594 2373 gesta
1617 2331 1642 2358 a
1664 2331 1747 2359 suo
1780 2315 1963 2358 exordio

319 2394 577 2438 summatim
600 2394 861 2450 perstrinxit
884 2394 915 2436 ².
944 2395 993 2436 In
1017 2395 1245 2449 Epz'slolis,
1265 2394 1536 2437 uberrimam
1560 2409 1709 2437 rerum
1732 2395 1788 2436 ad
1805 2394 1962 2438 Socie—

320 2472 424 2515 tatis
442 2472 648 2515 notitiam
666 2471 990 2528 pertinentium
1009 2479 1211 2528 segetem
1231 2472 1476 2528 congessit.
1500 2473 1590 2515 Sed
1608 2473 1664 2515 de
1682 2472 1752 2514 his
1774 2471 1960 2515 seorsim

318 2551 560 2594 dicendum
585 2552 615 2592 ³.
644 2551 691 2592 In
728 2550 968 2605 Ofiuscnlis
992 2552 1029 2601 ¹³,
1067 2550 1481 2602 Exhormvrion.ibus,
1516 2551 1745 2606 Dz'czlogis,
1776 2551 1959 2608 Instru—

393 2733 398 2752 ¹
454 2731 562 2766 Haec
582 2732 701 2766 verba
720 2736 810 2766 sunt
829 2731 961 2773 lingua
980 2730 1241 2778 majoricensi,
1261 2744 1330 2767 seu
1350 2731 1619 2778 lemovicensi,
1636 2722 1792 2779 scripta.

389 2794 401 2812 ²¹
454 2791 555 2826 Vide
574 2790 688 2835 infra,
709 2790 806 2826 Cod.
831 2800 885 2825 10.

391 2852 403 2869 ³
455 2851 553 2886 Cod.
581 2860 611 2886 1.

394 2912 404 2931 '⁴
455 2911 552 2946 Cod.
575 2921 607 2945 2.

386 2972 399 2990 ·”’·
451 2970 547 3005 Cod.
568 2970 589 3005 3
608 2976 647 3006 et
664 2981 699 3016 4.
723 2972 821 3007 Vide
841 2971 954 3018 infra,
976 2984 1063 3018 pag.
1085 2981 1183 3016 XVII,
1204 2978 1242 3007 et
1268 2985 1375 3019 seqq.

388 3033 401 3051 ὓ
453 3030 548 3065 (ῗοεῖ.
570 3029 603 3065 8.
