2038 3313
793 197 835 224 12
862 189 974 234 JUNn
1004 187 1095 233 1562
1695 182 1766 231 713

114 294 292 350 aquella
314 293 438 336 obra.
465 293 537 336 No
560 307 608 335 se
630 293 821 336 offresce
842 297 943 334 otro
972 305 1060 346 que
1093 289 1254 333 scriuir
1281 293 1307 332 a
1330 290 1386 333 V.
1415 291 1469 332 R.
1497 290 1564 332 En
1601 289 1668 332 105
1693 303 1766 333 sa-

115 371 310 415 crificios
333 372 388 414 de
411 372 468 415 V.
496 372 548 414 R.
576 369 682 427 pido
704 385 776 414 ser
799 369 1157 414 encomendado.

205 451 275 493 De
298 450 475 502 Ocana,
508 461 557 491 12
582 449 638 491 de
655 447 794 507 Junio
824 449 952 503 1562.

203 527 355 570 Todos
377 527 444 569 los
466 525 840 569 inconvenientes
863 525 1012 569 arriba
1044 523 1207 567 dichos
1229 538 1426 580 propuse
1454 528 1480 567 a
1504 523 1760 579 Marquina‚

114 620 144 661 y
166 609 193 648 a
214 605 348 647 todos
371 608 497 647 zerro
520 605 562 647 la
590 610 768 660 puerta,
794 603 1003 646 diziendo
1025 617 1114 658 que
1135 602 1179 644 la
1210 603 1462 658 Compafiia
1484 616 1542 644 no
1576 604 1677 644 avia
1709 602 1766 644 de

116 690 243 725 tener
265 689 374 725 voto
397 682 443 724 ni
466 697 651 738 parezer
669 698 725 726 en
748 683 791 724 la
808 683 918 724 obra
940 681 997 723 de
1014 680 1147 735 aquei
1165 678 1375 735 collegio.
1398 680 1516 722 Creo
1539 681 1597 723 ha
1618 679 1675 723 de
1693 694 1765 722 ser

114 762 281 804 mucho
311 775 418 816 para
450 759 672 804 exercitar
701 763 727 802 a
763 760 894 802 todos
924 773 979 803 en
1009 759 1052 801 la
1080 757 1320 814 pacientia.
1358 758 1542 802 Sirvase
1570 764 1760 801 nuestro

114 839 262 885 Sefior
283 852 371 881 con
394 838 516 881 todo.
543 839 710 881 Amen.

649 917 720 959 De
742 916 798 959 V.
827 916 882 958 R.
909 914 1058 957 siervo
1080 929 1138 958 en
1161 916 1301 971 Xpo.‚

923 1052 953 1110 †
985 1054 1385 1097 VALDERRAVANO
1423 1054 1452 1095 ¹.
1489 1051 1519 1110 †

204 1151 350 1193 Manu
371 1150 554 1208 fratris
584 1150 809 1207 Jimenez:
838 1150 904 1192 Lo
942 1148 1085 1204 mejor
1122 1149 1251 1192 deste
1289 1147 1484 1205 negocio
1519 1162 1568 1192 es
1602 1162 1691 1205 que
1726 1162 1751 1190 e

113 1230 194 1273 Dr.
223 1230 372 1272 Araoz
395 1242 444 1271 se
467 1226 727 1288 encarg[u]e
750 1228 823 1270 del
845 1228 902 1272 de
925 1242 1058 1271 ueras
1080 1242 1110 1282 y
1132 1226 1202 1270 sin
1224 1233 1427 1283 respetto
1452 1227 1485 1269 ².

205 1307 449 1362 Inscriptio
472 1307 522 1348 in
546 1309 713 1362 quarta
728 1307 935 1362 pagina:
963 1304 993 1362 ·1·
1015 1306 1114 1362 Jhs.
1143 1305 1203 1348 Al
1226 1320 1335 1360 muy
1358 1305 1472 1348 Rdo.
1500 1319 1558 1347 en
1580 1304 1765 1348 Christo

113 1385 276 1437 Padre,
304 1385 345 1429 el
370 1386 422 1427 P.
451 1386 542 1427 M.0
569 1384 731 1436 Nadal,
768 1382 1030 1426 comissario
1060 1382 1245 1438 general
1270 1383 1326 1425 de
1349 1382 1391 1425 la
1424 1383 1676 1438 Compafiia
1708 1381 1765 1424 de

107 1464 258 1519 Jesus.
286 1463 474 1514 Trento,
499 1465 526 1504 0
548 1462 698 1505 donde
720 1460 966 1504 estuuiere.

203 1540 367 1582 Patris
396 1540 590 1582 Polanci
618 1554 761 1582 manu
790 1539 898 1581 llaec
927 1540 977 1581 in
1006 1539 1106 1595 ipsa
1136 1542 1304 1595 quarta
1326 1539 1511 1595 pagina
1542 1541 1763 1581 annotata

112 1621 235 1660 sunt:
264 1619 368 1673 Que
399 1618 440 1660 al
470 1620 522 1660 P.
556 1619 638 1660 Dr.
671 1618 821 1660 Araoz
851 1631 899 1659 56
931 1615 1082 1659 scriua
1104 1630 1297 1672 procure
1334 1623 1571 1660 concertat
1593 1623 1708 1669 esto,
1734 1631 1765 1672 y

108 1695 267 1739 siendo
290 1699 386 1738 mas
408 1695 575 1738 blando
596 1696 637 1738 61
660 1697 741 1738 Dr.
769 1696 810 1738 V
813 1709 990 1751 ergara,
1017 1709 1105 1750 que
1128 1709 1178 1739 56
1206 1695 1423 1738 acomode
1445 1698 1471 1737 a
1500 1693 1758 1751 Marquina.

201 1773 309 1816 Alia
332 1788 498 1816 manu:
521 1774 593 1816 62.

198 1853 339 1894 Extat
359 1852 509 1908 sigilli
531 1852 794 1908 vestigium.

180 2004 189 2024 ¹
241 2003 435 2048 Excerpta
455 2013 503 2036 ex
522 2000 719 2036 communi
739 2002 921 2036 examine
940 2001 1056 2047 hujus
1076 2001 1217 2037 Patris.
1236 2010 1294 2036 «Ι.
1317 2002 1418 2046 Juan
1437 2001 1486 2036 de
1506 2001 1763 2038 Valderrava-

107 2073 170 2096 no.
189 2071 222 2096 2.
245 2063 448 2107 Quarenta
466 2066 560 2097 anos
579 2074 605 2108 y
625 2062 767 2097 medio.
788 2061 823 2097 3.
845 2063 904 2096 De
925 2061 1103 2107 Castilla,
1120 2062 1168 2097 de
1188 2061 1454 2096 Valladolid...
1471 2062 1519 2097 de
1535 2063 1763 2097 Palencia...

105 2131 142 2168 7.
172 2123 236 2158 Un
255 2123 440 2157 hermano
467 2128 586 2168 tengo
605 2122 730 2168 frayle
749 2122 797 2157 de
818 2123 853 2157 la
878 2122 999 2157 orden
1023 2123 1071 2157 de
1099 2135 1168 2157 san
1188 2122 1402 2166 Bernardo,
1429 2135 1454 2169 y
1475 2134 1551 2157 una
1578 2124 1765 2158 hermana

107 2182 266 2217 casada:
288 2194 338 2217 no
358 2188 476 2228 tengo
502 2188 653 2217 otros...
683 2192 738 2217 10.
768 2183 893 2217 Antes
919 2182 967 2217 de
988 2188 1119 2218 entrar
1144 2195 1192 2218 en
1218 2184 1253 2217 la
1279 2182 1494 2229 Compania
1519 2183 1689 2229 siempre
1708 2182 1764 2218 fui

109 2241 354 2277 studiante...
379 2251 434 2286 14.
455 2242 540 2277 Con
558 2242 699 2277 desseo
718 2242 766 2277 de
787 2254 849 2277 ser
868 2242 1053 2288 religioso
1072 2243 1187 2277 hable
1207 2254 1280 2277 con
1300 2243 1335 2277 61
1356 2243 1399 2277 Ρ.
1427 2242 1628 2278 Gonzalez
1647 2255 1671 2289 y
1691 2254 1765 2278 con

109 2313 155 2335 su
173 2305 407 2347 compafiero
424 2314 472 2336 en
493 2301 731 2336 Valladolid:
752 2301 808 2337 fui
827 2302 1012 2336 recebido
1027 2302 1090 2337 del
1110 2303 1153 2336 P.
1172 2303 1298 2337 Araoz
1314 2302 1478 2337 estando
1498 2314 1547 2337 en
1566 2301 1763 2337 Madrid...

109 2370 168 2395 22.
189 2360 269 2407 Soy
289 2362 504 2396 sacerdote.
524 2361 581 2396 23.
603 2363 752 2396 Estube
773 2374 821 2397 en
841 2362 995 2397 Alcala:
1025 2363 1089 2397 alli
1109 2364 1238 2397 serbia
1257 2362 1305 2396 de
1325 2362 1521 2406 cozinero‚
1546 2375 1571 2408 y
1591 2374 1764 2409 compra-

110 2421 192 2466 (101,
212 2434 237 2467 y
257 2422 507 2465 barrendero,
527 2435 552 2468 y
571 2422 852 2468 despensador,
872 2435 897 2468 y
915 2422 1126 2457 retitolero.
1152 2424 1334 2469 Despue's
1355 2424 1495 2457 estube
1516 2435 1565 2458 en
1584 2423 1764 2458 Vallado-

108 2480 173 2515 lid:
195 2480 251 2515 fui
270 2481 447 2516 ministro
466 2494 492 2527 y
510 2481 723 2517 confessor:
745 2482 915 2528 despue's
936 2482 991 2517 fui
1010 2488 1138 2518 rector
1156 2495 1182 2529 y
1197 2482 1392 2517 confesor:
1410 2484 1528 2518 ahora
1547 2495 1596 2517 en
1614 2484 1763 2518 Monte-

108 2553 179 2587 rey
199 2546 310 2587 estoy
336 2552 405 2587 por
423 2546 564 2587 rector,
590 2554 616 2588 y
634 2543 691 2577 105
711 2548 815 2577 01105
842 2542 1053 2577 exercitios
1076 2542 1373 2589 spirituales...»
1400 2544 1457 2577 Ex
1487 2542 1581 2578 Cod.
1610 2543 1668 2586 16,
1692 2544 1763 2589 ΙΙΙ,

110 2600 282 2645 SOI-503·

177 2663 190 2681 2'
242 2661 314 2695 His
331 2660 462 2696 verbis
480 2661 704 2697 summatim
723 2662 886 2697 indicari
905 2662 1061 2697 videtur
1079 2662 1282 2709 responsio
1301 2663 1391 2697 huic
1409 2662 1600 2708 epistolae
1616 2662 1761 2706 danda,

105 2732 204 2769 quae
223 2720 341 2756 etiam
360 2733 380 2756 a
399 2721 567 2757 Polanco
586 2721 625 2756 in
639 2727 775 2771 quarta
794 2723 935 2771 pagina
952 2723 1037 2759 aliis
1059 2722 1190 2759 verbis
1211 2727 1395 2758 annotata
1417 2727 1490 2757 est.
