2038 3313
713 214 754 252 19
780 205 934 242 MARTn
964 212 1053 251 1555
1631 204 1698 250 285

58 310 105 353 in
128 309 243 354 furia
266 308 392 353 aceio
414 309 500 353 che
523 308 587 365 gli
610 308 752 352 nostri
774 306 1114 352 conualescenti
1137 308 1223 351 che
1245 306 1315 349 001
1338 312 1489 363 tempo
1506 306 1553 349 ui
1569 307 1701 350 habi—

60 396 218 433 terano
241 386 288 431 ui
310 400 506 444 possono
528 392 649 431 stare
677 385 1041 438 comodamente,
1071 383 1196 427 siche
1224 398 1310 427 con
1340 390 1464 428 tante
1502 383 1701 428 fabriehe

60 465 85 509 ὲ
107 464 364 510 necessario
381 464 423 507 al
441 465 493 506 P.
516 463 716 506 Polanco
733 463 797 520 gli
815 464 840 507 e
857 461 1112 508 necessario
1132 476 1237 505 usar
1253 460 1492 518 diligentia
1509 476 1588 518 per
1606 467 1697 504 tro—

61 558 170 588 uare
191 542 363 594 danari,
390 549 436 586 et
458 542 490 584 il
511 541 679 599 Signor
701 556 793 585 non
814 555 975 585 manca
997 539 1269 597 prouedere:
1296 545 1416 582 sotto
1438 538 1481 582 la
1508 537 1572 581 lui
1598 552 1702 595 spe-

60 635 197 677 ranoa
220 619 327 664 tutti
351 619 567 663 uiuiamo.

151 708 193 753 5.
259 696 400 742 Haria
422 712 448 740 a
470 712 574 741 caro
598 697 710 755 [sic]
734 694 1007 741 estendermi
1030 694 1125 751 pisi,
1150 709 1223 738 ma
1241 694 1271 737 il
1289 701 1440 751 tempo
1458 708 1550 737 non
1568 693 1628 736 mi
1646 693 1704 737 da

60 776 224 832 luogo:
251 775 326 832 gia
348 790 461 819 sono
483 775 573 819 due
595 776 705 819 hore
727 780 902 827 sonate,
928 780 974 818 et
996 774 1053 816 V.
1087 774 1140 816 R.
1172 771 1234 815 mi
1263 771 1452 828 perdoni
1485 786 1533 816 se
1562 772 1587 816 ἑ
1615 772 1703 816 mal

12 842 14 844 ’
60 853 234 906 scritta,
261 859 306 898 et
328 853 373 896 vi
397 852 618 897 ritrouera
640 851 796 905 errori,
822 852 988 908 perche
1010 865 1103 894 non
1124 851 1153 892 l’
1184 851 1244 893 ho
1274 856 1435 906 potuto
1466 850 1701 894 rauedere.

150 932 192 974 ὁ.
258 931 293 974 11
315 930 439 974 buon
464 932 526 974 M.
553 929 801 983 Giouanni,
828 930 1051 981 francese,
1076 928 1290 971 mandato
1315 929 1341 971 a
1362 928 1398 971 F
1401 942 1552 972 errara
1574 942 1623 972 se
1646 928 1704 971 ne

60 1008 124 1052 ito
165 1008 207 1052 al
249 1007 385 1052 cielo:
431 1009 475 1052 10
517 1008 840 1051 raeommando
883 1007 970 1051 alle
1007 1005 1200 1049 orationi
1242 1004 1287 1048 di
1319 1006 1376 1049 V.
1420 1006 1494 1058 R.,
1541 1012 1587 1049 et
1630 1005 1702 1050 del

63 1086 178 1129 Rdo.
212 1088 265 1130 P.
298 1087 497 1142 Laynez,
528 1092 574 1130 et
601 1086 658 1130 de
686 1085 750 1142 gli
779 1084 880 1128 altri
908 1083 1102 1137 fratelli3
1144 1098 1273 1128 come
1310 1084 1457 1127 anche
1488 1083 1517 1125 l'
1553 1082 1705 1127 anima

61 1164 107 1206 d'
131 1179 194 1207 un
218 1164 397 1208 fratello
420 1163 646 1207 chiamato
669 1162 862 1216 Brizzio,
887 1169 1034 1205 morto
1055 1160 1101 1205 in
1124 1161 1319 1214 Vienna,
1346 1167 1391 1205 et
1413 1160 1444 1203 il
1464 1167 1631 1217 nepote
1648 1161 1705 1205 de

62 1242 193 1285 Mtro.
216 1243 322 1299 Ju.0
355 1241 549 1298 Queralt
576 1240 623 1284 in
653 1240 918 1292 Barcelona,
952 1245 998 1284 et
1027 1254 1088 1283 un
1117 1238 1300 1282 nouicio
1329 1238 1375 1281 in
1403 1252 1508 1281 casa
1530 1245 1701 1281 nostra.

147 1319 251 1364 Alle
273 1319 465 1363 orationi
489 1318 534 1362 di
556 1320 613 1363 V.
640 1321 694 1363 R.
722 1326 767 1363 et
789 1319 862 1363 del
886 1320 938 1361 Ρ.
967 1319 1013 1361 M
1021 1328 1058 1361 ,Ο
1092 1319 1275 1374 Laynez
1297 1317 1438 1360 molto
1460 1315 1521 1359 mi
1545 1331 1703 1360 racco-

61 1397 241 1440 mando.

150 1474 208 1518 Di
232 1476 391 1528 Roma,
417 1474 448 1517 li
477 1487 527 1532 19
550 1473 595 1517 di
619 1475 789 1527 Marzo,
822 1484 948 1530 1555.

420 1553 565 1597 Seruo
588 1551 749 1596 inutile
771 1551 817 1594 di
839 1552 898 1595 V.
924 1552 963 1595 R
990 1584 999 1604 ,

735 1629 933 1673 GIOUAN
969 1630 1088 1672 PHO.
1125 1625 1380 1686 [PHILIPPO
1417 1627 1467 1686 ¹.]

155 1709 400 1765 Inscriptio
424 1708 473 1750 in
496 1710 663 1764 quarta
678 1707 884 1764 pagina:
906 1705 935 1763 †
959 1706 1018 1749 Al
1041 1706 1180 1749 molto
1203 1706 1318 1749 Rdo.
1345 1705 1390 1748 in
1412 1707 1532 1761 Xpo.
1560 1705 1707 1749 Padre

64 1785 94 1828 il
119 1788 166 1829 P.
193 1788 280 1830 M.0
306 1786 452 1829 Nadal
474 1785 592 1829 della
615 1783 900 1840 Compagnia
922 1783 1111 1841 011]05ι“1,
1138 1784 1194 1826 ad
1219 1784 1448 1839 Augusta.

154 1864 262 1906 Alia
283 1877 448 1906 manu:
477 1872 602 1917 1555.
630 1861 860 1906 Florentia
883 1862 915 1904 ⁶².
949 1874 1000 1919 19
1024 1860 1189 1904 Martii.

142 2053 152 2072 ¹
204 2052 377 2097 Joannes
394 2049 598 2096 Philippus
617 2049 723 2084 Vito.

136 2112 152 2135 2
202 2111 281 2157 Sic,
302 2110 371 2146 sed
389 2121 607 2158 perperam,
628 2121 697 2156 pro
716 2110 859 2144 Roma.
