2038 3313
710 212 957 247 FEBRUARIO
989 204 1077 255 1562
1651 207 1721 252 627

65 316 107 358 le
130 313 357 371 pareciere
381 315 469 358 mal
492 314 552 357 mi
576 314 1007 366 letra,consue'lese
1031 327 1117 356 con
1148 326 1238 367 que
1267 311 1309 353 la
1333 325 1446 366 suya
1474 325 1523 354 es
1553 324 1663 366 peor
1690 311 1718 352 ¹.

69 396 138 436 De
161 400 349 437 nuestro
373 393 520 437 Sefior
542 396 568 434 a
592 394 646 435 V.
676 394 729 435 R.
757 393 801 435 lo
830 406 919 448 que
947 392 1083 434 desea
1115 404 1224 446 para
1257 403 1311 432 su
1345 395 1477 431 santo
1511 386 1719 432 servicio.

161 472 230 513 En
253 471 457 523 Cuenca,
483 485 574 513 xxx
596 470 652 513 de
678 472 827 513 Enero
856 470 982 524 1562.

312 547 421 603 Hijo
445 548 502 590 de
526 549 582 591 V.
612 549 685 599 R.,
714 562 893 603 avnque
915 546 1137 603 yndigno,

855 626 921 668 ΕΙ,
944 626 1149 668 DocTOR
1173 625 1427 667 VERGARA.
1455 622 1484 679 †

163 740 408 795 Inscriptio
432 740 480 781 in
505 743 671 795 quarta
688 740 886 796 pagina:
904 712 1003 796 Jlis.
1026 738 1085 781 Al
1104 752 1212 793 rnuy
1236 738 1351 780 Rdo.
1379 752 1436 780 en
1458 737 1547 778 X.0
1577 735 1725 778 Padre

73 819 114 862 61
137 821 336 862 Maestro
354 819 603 875 Jeronymo
626 818 788 869 Nadal,
815 831 1084 873 comysaryo
1116 816 1304 872 general
1332 813 1404 873 [de
1434 814 1492 874 l]a
1527 815 1726 870 Compa—

75 903 164 951 fiya
187 897 243 939 de
260 897 379 952 Jhs.,
407 911 462 939 en
490 897 685 952 Burgos.

162 973 270 1015 Alia
293 988 452 1015 manu:
474 974 526 1016 D.
556 974 777 1029 Vergara.
809 973 881 1015 62.

164 1052 304 1093 Extat
327 1052 475 1107 sigilli
497 1052 760 1107 vestigium.

842 1210 959 1251 18⁰

302 1304 565 1346 PATER
620 1303 1175 1346 HIERONYMUS
1229 1302 1509 1345 NADAL

570 1399 732 1433 PATRI
753 1397 1106 1434 GUNDISALVO
1127 1398 1232 1432 VAZ

436 1484 729 1538 Methymnae
754 1483 813 1539 (91
839 1482 1087 1525 Februario
1112 1482 1170 1538 (Ρ)
1202 1482 1310 1536 1562
1335 1482 1367 1524 ².

794 1579 1004 1625 Excerpta.

81 1664 303 1710 Respondet
323 1663 370 1697 P.
393 1661 530 1697 Nadal
548 1662 678 1697 variis
697 1662 830 1697 dubiis
849 1674 874 1696 a
894 1662 943 1696 P.
970 1662 1051 1696 Vaz
1064 1661 1300 1708 propositis,
1317 1661 1364 1696 de
1379 1661 1495 1696 libris
1506 1660 1735 1708 prohibitis,

147 1725 193 1758 de
219 1723 334 1758 rebus
359 1723 602 1765 domesticis,
631 1723 678 1757 de
703 1723 959 1757 institutione
989 1721 1339 1763 sclzolasticormn,
1366 1721 1740 1758 dercommentarsi‘is

152 1784 290 1818 Patris
309 1784 356 1817 de
374 1783 560 1823 Fonseca,
583 1784 629 1817 de
649 1784 808 1817 ratione
827 1782 1029 1817 scribendi
1047 1782 1237 1829 epistolas
1255 1783 1310 1817 ad
1323 1782 1575 1829 generalem,
1595 1785 1665 1817 etc.

169 1876 414 1930 Respostas
436 1874 629 1929 dalgUas
653 1880 801 1916 cartas
825 1887 934 1929 pera
952 1887 978 1915 0
998 1874 1050 1915 Ρ.
1073 1873 1281 1928 Goncalo
1301 1873 1397 1916 Vaz
1420 1872 1479 1915 do
1499 1874 1551 1915 Ρ.
1574 1872 1736 1925 Nadal,

82 1951 316 1995 recebidas
338 1966 364 1994 a
387 1964 414 2005 4
437 1952 492 1994 de
516 1953 671 2006 Marco
695 1951 709 1970 ⁵
739 1950 796 1993 (16
828 1951 954 2005 1562.

156 2099 162 2116 ¹
217 2095 317 2130 Vide
337 2106 468 2141 supra,
489 2105 578 2141 pag.
600 2103 671 2129 XVI
689 2093 738 2128 ad
755 2093 841 2139 fin.,
861 2106 951 2129 cum
971 2099 1104 2129 annot,
1125 2093 1160 2129 3.

154 2158 168 2177 ’ὲ
220 2155 279 2189 Ex
304 2160 570 2201 transumpto,
596 2154 636 2189 in
665 2153 761 2189 Cod.
788 2163 823 2198 5,
855 2154 996 2189 Natal.
1017 2154 1142 2189 *insta
1173 2154 1316 2196 Lusit„
1344 2154 1384 2190 ff.
1413 2154 1497 2201 216,
1523 2162 1607 2199 217.
1635 2154 1743 2190 Haec

83 2222 268 2262 excerpta
287 2220 326 2249 et
345 2227 404 2258 ea,
424 2226 524 2261 quae
543 2214 583 2249 in
602 2213 781 2261 epistolis
801 2215 875 2248 sub
895 2226 962 2249 nn.
987 2213 1050 2248 181
1073 2219 1113 2249 et
1137 2213 1202 2248 183
1222 2215 1432 2260 habentur,
1448 2226 1595 2250 coaeva
1610 2214 1742 2249 viden-

82 2281 143 2310 tur
162 2275 304 2311 litteris
323 2273 594 2320 originalibus,
615 2286 711 2320 quas
726 2273 887 2321 quidem
908 2285 986 2309 non
1006 2275 1212 2319 habemus,
1234 2279 1273 2309 et
1293 2286 1340 2309 eo
1358 2274 1435 2310 fine
1455 2287 1504 2310 ex
1529 2274 1606 2310 illis
1625 2273 1743 2310 colle-

81 2340 159 2381 613,
179 2340 221 2370 ut
239 2335 287 2369 ad
306 2334 456 2380 praxim
475 2333 614 2368 melius
634 2332 777 2368 deduci
796 2339 961 2380 possent
981 2345 1041 2380 ea⁷
1060 2345 1160 2380 quae
1181 2346 1203 2368 a
1222 2334 1266 2368 P.
1284 2334 1407 2369 Nadal
1424 2334 1743 2381 praescribeban-

86 2401 161 2429 tur.
182 2395 387 2440 Responsa
412 2393 519 2428 varia
543 2393 582 2428 in
606 2393 715 2428 hisce
741 2394 940 2440 excerptis
966 2398 1167 2438 contenta,
1194 2393 1374 2440 quamvis
1394 2406 1443 2429 ex
1469 2394 1647 2440 epistolis
1667 2405 1742 2428 non

86 2454 223 2489 eadem
242 2453 305 2488 die
325 2452 480 2499 scriptis
499 2452 707 2499 desumpta
727 2452 889 2503 fuerint,
909 2453 948 2488 in
974 2453 1110 2488 codice
1136 2453 1251 2487 simul
1276 2453 1486 2499 conjuncta
1510 2454 1705 2488 habentur
1724 2465 1744 2487 a

85 2514 152 2548 fol.
174 2514 242 2548 216
267 2513 315 2547 ad
340 2521 429 2558 219,
457 2512 629 2547 numeris
649 2511 694 2547 33
719 2512 919 2548 distincta.
941 2513 1162 2548 Nonnullae
1186 2513 1464 2559 responsiones
1489 2514 1743 2554 cancellatae,

86 2585 158 2608 nec
177 2572 348 2608 numeris
369 2572 546 2617 signatae
566 2571 762 2607 interdum
781 2578 983 2619 apparent,
1004 2585 1103 2619 quae
1124 2573 1201 2618 legi
1229 2584 1305 2607 non
1332 2574 1479 2608 valent.
1500 2573 1600 2608 Cum
1626 2573 1745 2618 igitur

86 2634 240 2678 singula
260 2643 447 2678 responsa
466 2637 668 2666 numerata
687 2632 780 2676 sint,
803 2632 843 2666 in
861 2633 934 2666 hac
962 2632 1130 2678 epistola
1150 2633 1311 2667 eosdem
1338 2644 1538 2678 numeros,
1564 2633 1629 2678 qui
1654 2638 1746 2667 sunt

86 2693 125 2727 in
147 2692 287 2727 Codice
305 2701 342 2735 5,
364 2702 618 2737 apponemus.
641 2692 685 2725 In
704 2690 883 2737 epistolis
906 2701 1000 2725 vero
1022 2691 1083 2725 181
1113 2696 1153 2725 et
1182 2690 1263 2736 183,
1292 2696 1447 2737 praeter
1472 2702 1677 2725 numerum
1696 2691 1745 2726 de

84 2764 191 2787 more
211 2751 378 2796 singulis
397 2750 649 2797 paragraphis
664 2750 850 2796 positum,
874 2750 1007 2797 aliurn,
1027 2763 1144 2797 quern
1171 2751 1210 2785 in
1237 2750 1373 2785 codice
1401 2751 1563 2795 habent,
1592 2750 1745 2786 uncinis

85 2813 278 2846 inclusum
298 2809 542 2855 adjiciemus.
564 2809 608 2843 In
627 2809 803 2854 margine
821 2808 953 2843 variae
978 2810 1254 2845 annotationes
1273 2809 1429 2844 additae
1449 2809 1624 2854 fuerunt,
1654 2821 1747 2855 qua-

87 2883 173 2906 rurn
198 2870 297 2905 aliae
322 2880 513 2904 summam
539 2868 806 2914 responsionis
832 2869 1041 2913 exhibent;
1071 2869 1170 2904 aliae
1202 2881 1284 2904 rem
1312 2869 1366 2903 ibi
1391 2867 1672 2914 praescriptam
1699 2870 1747 2904 ad

90 2930 239 2977 praxim
257 2927 490 2976 quantocius
510 2926 786 2972 reducendam,
808 2939 905 2963 voce
920 2927 1089 2964 lusitana
1105 2930 1210 2976 logo,
1227 2928 1415 2972 indicant;
1439 2928 1553 2972 aliae,
1576 2933 1618 2963 ut
1637 2940 1747 2964 verse

91 3003 129 3032 a,
151 2988 353 3035 negotium
372 2987 529 3034 aliquod
547 2986 596 3021 ad
614 2998 780 3022 examen
798 2987 1077 3035 revocandum,
1099 2994 1139 3023 et
1157 2988 1217 3023 his
1236 2988 1382 3023 similia
1401 2987 1639 3033 significant.

167 3051 180 3071 ⁵
231 3050 320 3096 Qua
343 3047 406 3082 die
437 3047 551 3082 datae
575 3047 722 3082 fuerint
751 3048 824 3083 hae
850 3046 1021 3094 litterae,
1053 3060 1131 3083 non
1155 3054 1325 3084 constat.
1352 3048 1561 3082 Probabile
1593 3047 1749 3084 videtur
