2038 3313
776 221 817 248 21
847 212 1065 250 OCTossRis
1095 222 1186 258 1552
1737 219 1801 264 135

154 315 320 371 perche
343 316 401 358 ho
425 322 638 370 penssato
660 314 705 357 di
727 316 930 358 mandar’
958 322 1077 358 tutta
1099 316 1141 358 la
1164 316 1341 359 rendita
1364 317 1479 360 della
1503 318 1684 362 abbatia
1718 321 1803 363 aila

157 393 209 435 Ρ.
238 393 315 444 V.,
341 407 367 434 o
392 407 505 455 uero¹
524 408 549 435 a
572 394 683 435 Μ.ΥΟ
715 393 933 445 Polaneo,
960 400 1006 435 et
1028 395 1158 449 potra
1180 393 1264 435 dir’
1292 409 1381 449 qua
1405 396 1489 437 che
1518 395 1555 437 si
1578 397 1803 440 mandano

155 484 235 525 per
257 469 537 525 espeditione
559 471 677 513 delle
699 471 837 522 bulle,
859 485 989 514 Come
1006 472 1252 514 realmente
1269 487 1381 515 sono
1398 472 1443 514 di
1461 472 1655 529 bisogno
1678 475 1804 517 molti

155 546 316 601 dinari,
343 555 388 590 et
410 548 505 590 cosi
527 548 738 590 uenendo
768 547 798 590 il
828 547 1004 600 vicere,
1030 550 1116 592 che
1138 555 1392 604 espettamo
1414 550 1577 593 dentro
1606 551 1663 593 de
1691 551 1755 594 sei
1779 567 1804 594 o

153 630 269 667 sette
291 624 457 680 giomi,
483 624 544 666 mi
567 625 767 668 sforzaro
796 625 842 667 di
864 627 1020 668 hauer’
1053 625 1155 669 altri
1183 625 1345 678 dinari,
1373 634 1418 669 et
1447 627 1477 668 li
1500 629 1732 680 mandaro,
1760 636 1804 671 et

154 700 215 742 mi
237 701 436 745 sforzaro
459 701 504 744 di
527 701 712 758 exigere
735 709 853 745 tutta
881 703 924 745 la
952 702 1130 745 rendita
1158 704 1232 746 dal
1262 703 1425 760 giorno
1455 705 1528 747 del
1556 719 1804 749 eonsensso

153 778 198 820 di
221 779 268 823 S.
302 781 385 830 M„
418 781 502 822 che
530 781 555 822 ε
584 778 614 821 11
639 792 694 834 30
723 780 780 822 de
810 781 1010 823 Genaro.
1042 782 1093 822 In
1122 787 1285 835 questo
1307 780 1353 822 di
1382 782 1584 824 mandar’
1610 782 1755 826 dinari
1779 799 1805 826 a

153 858 318 909 Roma,
351 871 443 899 non
474 857 592 900 uedo
622 858 737 900 altra
763 857 1005 910 difficulta‚
1038 872 1087 901 se
1116 873 1208 900 non
1237 860 1322 902 che
1351 859 1605 902 hauendosi
1643 860 1719 903 noi
1748 862 1804 905 de

152 936 317 977 mutar’
350 935 436 978 alla
459 949 564 977 oasa
591 935 710 978 della
739 934 943 987 abbatia,
975 938 1076 978 sera
1104 936 1362 979 necessario
1392 937 1473 978 far'
1505 937 1644 980 molta
1672 952 1805 993 spesa

152 1026 231 1067 per
260 1013 592 1055 accommodar'
622 1013 665 1055 la
703 1026 808 1055 casa
836 1013 923 1055 alla
951 1012 1234 1056 habitatione
1263 1021 1439 1066 nostra,
1473 1021 1519 1057 et
1542 1015 1623 1057 far'
1649 1016 1804 1058 schole

150 1103 229 1144 per
251 1089 447 1145 legger’;
475 1105 548 1132 ma
570 1089 613 1132 io
636 1104 729 1132 non
751 1091 922 1133 lassato
944 1090 1002 1133 de
1031 1091 1255 1143 mandar’‚
1288 1105 1417 1134 come
1438 1093 1497 1134 ho
1520 1092 1647 1134 detto
1668 1092 1699 1134 11
1721 1093 1803 1136 de—

152 1165 249 1208 nari
272 1168 357 1209 ehe
378 1168 510 1222 potro
534 1182 559 1209 a
582 1169 741 1219 Roma,
768 1182 816 1210 se
844 1167 959 1210 altro
982 1168 1025 1210 la
1049 1170 1101 1211 P.
1130 1169 1186 1211 V.
1214 1183 1305 1211 non
1329 1183 1401 1211 me
1423 1168 1587 1212 scriue.

247 1256 312 1286 Io.
380 1245 455 1286 Ho
477 1259 697 1300 speranza
719 1259 808 1287 con
831 1245 875 1287 la
897 1245 1044 1301 gratia
1066 1245 1111 1288 di
1135 1245 1280 1289 Giesi'i
1305 1246 1489 1289 Christo
1511 1261 1592 1302 per
1616 1247 1801 1304 meggio

149 1320 266 1363 delle
288 1320 480 1364 orationi
502 1322 620 1365 della
644 1325 696 1365 P.
725 1324 782 1365 V.
809 1324 893 1365 che
915 1323 990 1365 nel
1012 1324 1308 1379 paflamento,
1334 1323 1365 1365 11
1388 1324 1521 1379 quale
1544 1339 1592 1367 se
1615 1326 1674 1367 ha
1691 1327 1802 1368 hora

148 1398 206 1440 de
229 1398 310 1440 far'
337 1413 441 1453 qua,
468 1398 505 1441 si
528 1399 772 1455 negociara
793 1399 837 1441 di
861 1401 1018 1443 hauer'
1051 1399 1081 1442 11
1109 1415 1357 1444 consensso
1385 1402 1502 1443 dello
1530 1401 1801 1457 imperatore

146 1489 227 1530 per
249 1491 339 1518 vna
361 1477 475 1518 altra
497 1476 678 1519 abbatia
701 1492 779 1532 per
802 1477 832 1519 il
855 1477 1082 1534 Colleggio
1105 1477 1150 1520 di
1174 1477 1389 1532 Messina,
1422 1486 1467 1521 et
1495 1479 1538 1521 lo
1560 1476 1673 1536 [sic]
1696 1494 1799 1535 par—

147 1553 239 1595 lato
262 1552 338 1609 gia
360 1568 386 1595 a
408 1553 642 1596 Giouanni
667 1554 854 1608 Osorio,
881 1562 926 1598 et
956 1554 986 1596 11
1016 1570 1123 1611 pare
1150 1556 1290 1609 bene3
1324 1555 1354 1597 il
1383 1555 1552 1611 Signor
1580 1559 1681 1600 sara
1713 1572 1799 1600 con

148 1629 239 1673 noi.
267 1631 391 1674 Sono
421 1638 539 1675 stato
567 1632 711 1688 largo,
747 1633 910 1684 Padre,
937 1631 981 1674 in
1013 1639 1188 1687 questa.
1222 1634 1279 1676 V.
1315 1635 1367 1675 P.
1400 1634 1461 1675 mi
1494 1635 1717 1689 perdona,
1754 1642 1799 1678 et

149 1707 209 1750 mi
233 1715 372 1765 tenga
395 1724 474 1764 per
497 1711 894 1752 raeeommandato
917 1710 1240 1766 speeialmente
1262 1712 1380 1754 nelle
1402 1712 1595 1755 orationi
1617 1712 1732 1755 suoi.
1765 1714 1799 1755 11

148 1784 344 1841 Signore
365 1801 444 1842 per
466 1787 509 1830 la
531 1786 839 1830 misericordia
868 1802 951 1830 sua
981 1787 1017 1830 si
1046 1789 1166 1831 dona
1195 1803 1221 1831 a
1249 1788 1406 1831 sentir’
1436 1804 1613 1846 sempre
1642 1791 1683 1833 la
1716 1805 1798 1833 sua

147 1870 304 1905 saneta
327 1865 516 1907 volunta
538 1864 885 1918 sinceramente,
912 1872 957 1908 et
980 1866 1131 1921 quella
1153 1865 1486 1922 integramente
1514 1883 1539 1910 a
1561 1867 1793 1924 eomplire.

148 1941 313 1985 Amen.

233 2019 293 2061 Di
318 2019 540 2073 Palermo,
568 2021 641 2063 alli
668 2033 718 2063 21
746 2021 802 2063 de
826 2021 1022 2063 Ottobre
1051 2032 1177 2076 1552.

681 2100 751 2141 De
775 2100 827 2141 P.
856 2099 913 2141 V.
940 2112 1075 2142 seruo
1098 2099 1144 2141 in
1168 2101 1308 2156 Xpo.,

985 2177 1286 2220 HIERONYMO
1320 2178 1506 2220 NADAL.

237 2253 382 2295 Nulla
404 2253 661 2307 inscriptio,
685 2253 764 2294 sed
792 2256 969 2296 tantum
1003 2269 1156 2296 annus
1185 2255 1236 2296 in
1267 2257 1458 2310 quartae
1475 2256 1683 2311 paginae
1712 2269 1795 2296 ora

149 2330 394 2371 indicatus:
419 2340 489 2384 52.
