2038 3313
325 208 381 235 ΧΗ
586 215 587 218 ¹
893 200 1137 235 PRAEFArio
1164 206 1398 234 GENERALIS

322 316 412 344 non
436 300 625 345 aliorum
650 301 783 344 modo
808 304 995 344 Patrum
1017 302 1074 343 de
1097 300 1340 353 Societate‚
1368 309 1505 356 atque
1527 300 1661 343 etiam
1680 307 1968 343 externorum

322 379 522 423 virorum
548 378 828 435 Principum,
870 377 947 434 qui
985 378 1212 422 hominem
1249 385 1452 431 nossent,
1493 378 1573 422 sed
1610 377 1745 421 etiam
1784 376 1965 434 Ignatij,

321 458 442 512 quod
465 463 615 513 potest
638 456 779 499 instar
800 455 1002 499 omnium
1026 470 1126 499 esse
1147 456 1380 509 iudicium,
1407 471 1461 499 ea
1483 455 1568 498 fuit
1590 454 1754 512 opinio,
1783 453 1859 496 vbi
1883 453 1968 496 im-

321 534 538 591 plicatum
556 534 810 590 negotium,
831 540 968 589 atque
986 534 1177 576 arduum
1196 541 1315 577 esset
1322 549 1330 587 3
1353 533 1570 590 aptiorem
1588 534 1645 576 ad
1661 532 1812 575 omnia
1829 531 1968 588 expli-

321 612 481 665 canda,
507 626 560 654 ac
591 611 885 668 transigenda
912 626 967 655 ex
994 612 1245 665 voluntate,
1287 611 1437 655 Natali
1475 626 1566 654 non
1596 610 1726 654 facile
1754 609 1965 653 inueniri.

322 692 478 745 Itaque
504 693 646 734 Beato
680 689 804 733 Patri
831 689 1071 746 postremis
1100 689 1231 734 annis
1265 689 1459 746 pessime
1488 688 1656 732 valenti
1694 688 1970 731 substitutus

324 767 534 811 Vicarius
556 775 640 811 est:
665 769 722 812 ab
745 768 906 811 eodem
930 767 1094 811 iterum
1122 767 1168 810 in
1193 766 1460 823 Hispaniam
1484 766 1665 810 missus:
1700 773 1795 808 tum
1819 781 1845 809 a
1865 765 1970 809 Lai-

322 844 413 897 nio,
440 860 491 888 ac
517 845 684 902 Borgia
706 846 763 888 ad
785 845 1057 890 Societatem
1081 859 1221 901 prope
1250 846 1507 888 Vniuersam
1537 844 1968 900 recognoscendam:

324 930 552 979 postremo
574 923 783 967 Vicarius
807 925 977 967 Romae
994 922 1233 967 Generalis
1256 922 1440 966 relictus
1463 938 1489 965 a
1512 921 1696 978 Borgia.
1723 922 1795 965 Ac
1817 920 1975 977 primis

324 1000 411 1044 illis
434 1000 728 1058 temporibus,
759 1016 863 1044 cum
893 1001 1016 1044 haud
1044 1002 1152 1043 dum
1181 1007 1331 1044 certae
1359 1007 1486 1044 erant
1508 999 1657 1043 editae
1686 999 1969 1055 singulorum

325 1078 677 1122 ministeriorum
700 1080 903 1135 regulae,
928 1077 1115 1121 monitis
1138 1077 1288 1121 Patris
1309 1077 1484 1121 Natalis
1515 1078 1607 1121 fere
1630 1083 1797 1120 cuncta
1819 1077 1971 1121 Socie-

325 1164 393 1200 tas
410 1158 636 1200 Vtebatur.
659 1158 755 1200 Nec
773 1157 888 1200 adeo
907 1156 1069 1199 mirum
1093 1163 1162 1200 est
1186 1164 1277 1199 tam
1301 1156 1432 1199 solita
1453 1155 1494 1200 ei
1516 1162 1684 1199 cuncta
1705 1155 1965 1198 succedere.

325 1236 442 1278 Nam
465 1235 521 1277 ad
554 1242 704 1278 cetera
726 1235 897 1287 diuina,
931 1237 1222 1290 humanaque
1253 1235 1372 1277 dona
1400 1234 1645 1277 adhibebat
1682 1247 1837 1276 curam
1860 1232 1971 1275 insi-

324 1327 478 1369 gnem.
514 1313 934 1356 praemeditabatur
966 1327 1117 1356 rerum
1147 1312 1428 1369 agendarum
1461 1311 1574 1364 vias,
1612 1310 1973 1366 conficiebatque

327 1390 638 1446 ephemerides
666 1392 699 1443 ι;
725 1390 772 1433 in
801 1391 967 1446 quibus
996 1405 1091 1433 non
1120 1391 1265 1433 solum
1299 1389 1557 1446 praecipua,
1592 1404 1708 1444 quae
1737 1388 1970 1445 gessisset,

325 1468 405 1511 sed
428 1467 548 1511 vitae
571 1483 681 1511 suae
704 1468 864 1512 seriem
889 1476 1030 1512 totam
1053 1468 1322 1524 explicabat:
1351 1468 1470 1510 vnde
1493 1474 1589 1511 erat
1606 1480 1793 1510 necesse
1815 1465 1974 1522 augeri

325 1545 370 1587 in
408 1545 504 1588 dies
542 1546 704 1602 magis,
746 1546 1042 1602 roborarique
1078 1545 1382 1603 prudentiam.
1421 1544 1679 1601 Collegium
1719 1546 1973 1587 Romanum

324 1638 499 1666 summe
521 1625 716 1667 amabat.
744 1626 840 1668 Nec
863 1639 995 1668 secus
1018 1640 1153 1680 quam
1188 1624 1407 1681 prouidus
1438 1625 1625 1675 Parens,
1659 1622 1696 1665 si
1719 1622 1828 1678 quid
1857 1621 1973 1664 inter

326 1701 708 1758 peregrinandum
731 1717 786 1746 ex
810 1702 988 1759 piorum
1012 1702 1281 1746 liberalitate
1304 1701 1554 1758 colligeret;
1581 1701 1637 1743 ad
1661 1700 1758 1744 eius
1781 1699 1972 1743 leuatio-

326 1793 428 1821 nem
467 1780 683 1835 penuriae
711 1782 974 1837 seponebat.
1008 1780 1282 1825 Germaniae
1312 1794 1494 1835 quoque
1527 1778 1612 1820 fuit
1639 1777 1968 1835 perstudiosus:

324 1857 446 1911 quod
468 1857 637 1913 optime
660 1858 764 1914 poni
788 1859 833 1901 in
857 1858 911 1914 ijs
934 1858 1041 1903 Oris
1064 1860 1120 1901 ad
1145 1859 1359 1902 tuendam
1384 1856 1648 1914 religionem
1671 1863 1830 1899 contra
1848 1856 1973 1898 Hae-

328 1932 493 1978 reticos
519 1935 797 1980 existimaret
824 1937 1046 1980 labores.»

419 2328 470 2370 ΙΙ.
501 2329 536 2370 E
539 2342 623 2381 JUS
648 2328 1076 2372 sCRIPTA.—Multa
1098 2327 1259 2370 litteris
1282 2326 1529 2378 mandavit,
1551 2326 1667 2368 inter
1690 2323 1974 2367 continentes

330 2405 449 2449 vitae
470 2420 580 2449 suae
602 2405 990 2462 peregrinationes
1013 2412 1057 2448 et
1074 2406 1268 2457 labores,
1289 2405 1517 2448 indefessa
1537 2406 1588 2446 P.
1610 2402 1755 2446 Nadal
1777 2400 1973 2457 diligen—

329 2483 406 2536 tia,
442 2498 584 2538 eaque
604 2484 696 2526 fere
718 2482 869 2526 omnia
886 2483 932 2526 in
950 2483 1101 2534 rebus,
1124 2482 1327 2538 personis
1350 2489 1395 2525 et
1411 2479 1774 2524 institutionibus
1791 2484 1974 2521 nostrae

332 2561 571 2606 Societatis
594 2568 848 2604 versantur.
875 2563 972 2605 Nec
990 2561 1168 2613 mirum,
1190 2576 1294 2603 nam
1312 2560 1429 2602 sicut
1448 2558 1674 2615 Ignatium
1693 2556 1831 2612 elegit
1847 2557 1974 2598 Deus

332 2647 382 2682 ut
405 2639 678 2684 Societatem
696 2641 808 2697 Jesu
830 2654 909 2696 per
931 2640 1167 2682 Exercitia
1184 2638 1448 2694 spiritualia
1466 2643 1617 2679 mente
1634 2633 1909 2689 conciperet,
1931 2639 1976 2674 et

333 2732 412 2773 per
437 2718 784 2760 constitutiones
807 2731 941 2773 opere
964 2717 1209 2773 compleret
1227 2722 1271 2758 et
1288 2715 1542 2771 perficeret3
1564 2713 1626 2754 ita
1644 2711 1974 2765 Hieronymum

332 2795 477 2839 Nadal
500 2795 556 2838 ad
578 2796 664 2837 hoc
688 2794 928 2850 praecipue
944 2809 1059 2850 opus
1081 2793 1127 2836 in
1151 2792 1423 2837 Societatem
1448 2789 1692 2833 accersisse
1709 2787 1905 2839 videtur,
1926 2793 1976 2827 ut

334 2888 411 2929 per
449 2871 720 2929 ignatianas,
753 2886 831 2914 seu
862 2871 1012 2928 potius
1041 2871 1233 2921 divinas,
1261 2867 1608 2912 constitutiones
1638 2873 1784 2908 totum
1811 2877 1975 2919 corpus

410 3047 416 3066 ¹
472 3042 569 3079 Vide
590 3041 702 3085 infra,
722 3042 807 3077 cod.
834 3050 844 3077 Ι
870 3046 908 3076 ct
927 3050 960 3076 2.
