<?xml version="1.0" encoding="UTF-8"?>
<!DOCTYPE html PUBLIC "-//W3C//DTD XHTML 1.0 Transitional//EN"
    "http://www.w3.org/TR/xhtml1/DTD/xhtml1-transitional.dtd">
<html xmlns="http://www.w3.org/1999/xhtml" xml:lang="en" lang="en">
 <head>
  <title>
</title>
<meta http-equiv="Content-Type" content="text/html;charset=utf-8" />
  <meta name='ocr-system' content='tesseract 3.04.00' />
  <meta name='ocr-capabilities' content='ocr_page ocr_carea ocr_par ocr_line ocrx_word'/>
</head>
<body>
  <div class='ocr_page' id='page_1' title='image "./epistolaephieron08nada_0124.png"; bbox 0 0 2038 3313; ppageno 0'>
   <div class='ocr_carea' id='block_1_1' title="bbox 285 204 1342 250">
    <p class='ocr_par' dir='ltr' id='par_1_1' title="bbox 285 204 1342 250">
     <span class='ocr_line' id='line_1_1' title="bbox 285 204 1342 250; baseline -0.005 -5"><span class='ocrx_word' id='word_1_1' title='bbox 285 205 333 250; x_wconf 86' lang='lat'><em>46</em></span> <span class='ocrx_word' id='word_1_2' title='bbox 876 208 1016 242; x_wconf 78' lang='lat' dir='ltr'><strong>EPJST.</strong></span> <span class='ocrx_word' id='word_1_3' title='bbox 1044 207 1088 240; x_wconf 92' lang='lat' dir='ltr'><em>P.</em></span> <span class='ocrx_word' id='word_1_4' title='bbox 1118 204 1342 240; x_wconf 85' lang='lat' dir='ltr'><strong>NADAL-—3</strong></span> 
     </span>
    </p>
   </div>
   <div class='ocr_carea' id='block_1_2' title="bbox 280 308 1931 508">
    <p class='ocr_par' dir='ltr' id='par_1_2' title="bbox 280 308 1931 508">
     <span class='ocr_line' id='line_1_2' title="bbox 284 308 1930 364; baseline 0 -13"><span class='ocrx_word' id='word_1_5' title='bbox 284 309 403 351; x_wconf 77' lang='lat' dir='ltr'><em>fuori</em></span> <span class='ocrx_word' id='word_1_6' title='bbox 425 309 543 353; x_wconf 84' lang='lat' dir='ltr'><em>della</em></span> <span class='ocrx_word' id='word_1_7' title='bbox 566 316 818 353; x_wconf 79' lang='lat' dir='ltr'><em>terra‚»--«</em></span> <span class='ocrx_word' id='word_1_8' title='bbox 828 310 888 354; x_wconf 88' lang='lat' dir='ltr'><em>Se</em></span> <span class='ocrx_word' id='word_1_9' title='bbox 910 309 1004 353; x_wconf 85' lang='lat' dir='ltr'><em>cosi</em></span> <span class='ocrx_word' id='word_1_10' title='bbox 1028 311 1068 361; x_wconf 81' lang='lat' dir='ltr'><em>e,</em></span> <span class='ocrx_word' id='word_1_11' title='bbox 1094 308 1216 352; x_wconf 90' lang='lat' dir='ltr'><em>disse</em></span> <span class='ocrx_word' id='word_1_12' title='bbox 1233 308 1263 350; x_wconf 82' lang='lat' dir='ltr'><em>il</em></span> <span class='ocrx_word' id='word_1_13' title='bbox 1281 323 1552 364; x_wconf 83' lang='lat' dir='ltr'><em>compagno,</em></span> <span class='ocrx_word' id='word_1_14' title='bbox 1579 312 1618 351; x_wconf 81' lang='lat' dir='ltr'><em>et</em></span> <span class='ocrx_word' id='word_1_15' title='bbox 1640 309 1930 351; x_wconf 83' lang='lat' dir='ltr'><em>moriendum</em></span> 
     </span>
     <span class='ocr_line' id='line_1_3' title="bbox 280 385 1931 444; baseline -0.001 -15"><span class='ocrx_word' id='word_1_16' title='bbox 280 387 355 439; x_wconf 76' lang='lat' dir='ltr'><em>sit,</em></span> <span class='ocrx_word' id='word_1_17' title='bbox 379 387 597 430; x_wconf 83' lang='lat' dir='ltr'><em>moriamo</em></span> <span class='ocrx_word' id='word_1_18' title='bbox 620 387 697 444; x_wconf 77' lang='lat' dir='ltr'><em>piu</em></span> <span class='ocrx_word' id='word_1_19' title='bbox 727 394 846 430; x_wconf 90' lang='lat' dir='ltr'><em>tosto</em></span> <span class='ocrx_word' id='word_1_20' title='bbox 869 387 1082 430; x_wconf 86' lang='lat' dir='ltr'><em>andando</em></span> <span class='ocrx_word' id='word_1_21' title='bbox 1111 386 1262 429; x_wconf 86' lang='lat' dir='ltr'><em>inanzi</em></span> <span class='ocrx_word' id='word_1_22' title='bbox 1291 387 1488 429; x_wconf 82' lang='lat' dir='ltr'><em>secondo</em></span> <span class='ocrx_word' id='word_1_23' title='bbox 1511 387 1541 427; x_wconf 88' lang='lat' dir='ltr'><em>l’</em></span> <span class='ocrx_word' id='word_1_24' title='bbox 1567 385 1768 428; x_wconf 89' lang='lat' dir='ltr'><em>indrizzo</em></span> <span class='ocrx_word' id='word_1_25' title='bbox 1791 393 1836 429; x_wconf 92' lang='lat' dir='ltr'><em>et</em></span> <span class='ocrx_word' id='word_1_26' title='bbox 1858 385 1931 428; x_wconf 83' lang='lat' dir='ltr'><em>in-</em></span> 
     </span>
     <span class='ocr_line' id='line_1_4' title="bbox 283 462 1930 508; baseline -0.001 -2"><span class='ocrx_word' id='word_1_27' title='bbox 283 464 486 508; x_wconf 83' lang='lat' dir='ltr'><em>tentione</em></span> <span class='ocrx_word' id='word_1_28' title='bbox 509 464 627 508; x_wconf 85' lang='lat' dir='ltr'><em>della</em></span> <span class='ocrx_word' id='word_1_29' title='bbox 649 473 779 508; x_wconf 87' lang='lat' dir='ltr'><em>santa</em></span> <span class='ocrx_word' id='word_1_30' title='bbox 811 464 1047 507; x_wconf 82' lang='lat' dir='ltr'><em>vbidienza</em></span> <span class='ocrx_word' id='word_1_31' title='bbox 1069 465 1155 507; x_wconf 86' lang='lat' dir='ltr'><em>che</em></span> <span class='ocrx_word' id='word_1_32' title='bbox 1183 464 1223 506; x_wconf 85' lang='lat' dir='ltr'><em>ei</em></span> <span class='ocrx_word' id='word_1_33' title='bbox 1252 466 1310 506; x_wconf 87' lang='lat' dir='ltr'><em>ha</em></span> <span class='ocrx_word' id='word_1_34' title='bbox 1339 462 1586 505; x_wconf 86' lang='lat' dir='ltr'><em>mandati.»</em></span> <span class='ocrx_word' id='word_1_35' title='bbox 1620 464 1726 506; x_wconf 89' lang='lat' dir='ltr'><em>Cosi</em></span> <span class='ocrx_word' id='word_1_36' title='bbox 1756 462 1930 506; x_wconf 85' lang='lat' dir='ltr'><em>uscimo</em></span> 
     </span>
    </p>
   </div>
   <div class='ocr_carea' id='block_1_3' title="bbox 279 540 1432 663">
    <p class='ocr_par' dir='ltr' id='par_1_3' title="bbox 279 540 1432 663">
     <span class='ocr_line' id='line_1_5' title="bbox 279 540 1418 599; baseline -0.003 -14"><span class='ocrx_word' id='word_1_37' title='bbox 279 556 418 585; x_wconf 82' lang='lat' dir='ltr'><em>senza</em></span> <span class='ocrx_word' id='word_1_38' title='bbox 440 543 575 586; x_wconf 85' lang='lat' dir='ltr'><em>alcun</em></span> <span class='ocrx_word' id='word_1_39' title='bbox 597 544 749 586; x_wconf 89' lang='lat' dir='ltr'><em>danno</em></span> <span class='ocrx_word' id='word_1_40' title='bbox 772 557 851 599; x_wconf 90' lang='lat' dir='ltr'><em>per</em></span> <span class='ocrx_word' id='word_1_41' title='bbox 874 544 916 585; x_wconf 91' lang='grc'><em>13</em></span> <span class='ocrx_word' id='word_1_42' title='bbox 944 541 1100 584; x_wconf 86' lang='lat' dir='ltr'><em>diuina</em></span> <span class='ocrx_word' id='word_1_43' title='bbox 1129 540 1418 597; x_wconf 87' lang='lat' dir='ltr'><em>protettione.</em></span> 
     </span>
     <span class='ocr_line' id='line_1_6' title="bbox 376 619 1432 663; baseline -0.003 -1"><span class='ocrx_word' id='word_1_44' title='bbox 376 622 462 662; x_wconf 87' lang='lat' dir='ltr'><em>Per</em></span> <span class='ocrx_word' id='word_1_45' title='bbox 484 621 526 663; x_wconf 89' lang='lat' dir='ltr'><em>la</em></span> <span class='ocrx_word' id='word_1_46' title='bbox 547 620 700 663; x_wconf 84' lang='lat' dir='ltr'><em>strada</em></span> <span class='ocrx_word' id='word_1_47' title='bbox 722 620 997 663; x_wconf 85' lang='lat' dir='ltr'><em>dimandaua</em></span> <span class='ocrx_word' id='word_1_48' title='bbox 1018 619 1049 661; x_wconf 87' lang='lat' dir='ltr'><em>il</em></span> <span class='ocrx_word' id='word_1_49' title='bbox 1073 621 1125 662; x_wconf 89' lang='lat' dir='ltr'><em>P.</em></span> <span class='ocrx_word' id='word_1_50' title='bbox 1153 619 1371 662; x_wconf 88' lang='lat' dir='ltr'><em>Natale...</em></span> <span class='ocrx_word' id='word_1_51' title='bbox 1405 620 1432 660; x_wconf 71' lang='lat'><em>¹.</em></span> 
     </span>
    </p>
   </div>
   <div class='ocr_carea' id='block_1_4' title="bbox 736 840 1480 993">
    <p class='ocr_par' dir='ltr' id='par_1_4' title="bbox 736 840 1480 993">
     <span class='ocr_line' id='line_1_7' title="bbox 1081 840 1123 879; baseline 0 0"><span class='ocrx_word' id='word_1_52' title='bbox 1081 840 1123 879; x_wconf 79' lang='lat'><strong>3</strong></span> 
     </span>
     <span class='ocr_line' id='line_1_8' title="bbox 736 948 1480 993; baseline -0.003 -1"><span class='ocrx_word' id='word_1_53' title='bbox 736 952 788 992; x_wconf 91' lang='lat' dir='ltr'><em>P.</em></span> <span class='ocrx_word' id='word_1_54' title='bbox 817 949 1232 993; x_wconf 85' lang='lat' dir='ltr'>HIERONYMUS</span> <span class='ocrx_word' id='word_1_55' title='bbox 1260 948 1480 991; x_wconf 88' lang='lat' dir='ltr'><strong>NADAL</strong></span> 
     </span>
    </p>
   </div>
   <div class='ocr_carea' id='block_1_5' title="bbox 819 1055 1386 1101">
    <p class='ocr_par' dir='ltr' id='par_1_5' title="bbox 819 1055 1386 1101">
     <span class='ocr_line' id='line_1_9' title="bbox 819 1055 1386 1101; baseline -0.004 -9"><span class='ocrx_word' id='word_1_56' title='bbox 819 1069 868 1092; x_wconf 84' lang='lat' dir='ltr'><em>ex</em></span> <span class='ocrx_word' id='word_1_57' title='bbox 886 1055 1161 1092; x_wconf 77' lang='lat' dir='ltr'>commissione</span> <span class='ocrx_word' id='word_1_58' title='bbox 1182 1056 1221 1090; x_wconf 89' lang='lat' dir='ltr'><em>S.</em></span> <span class='ocrx_word' id='word_1_59' title='bbox 1243 1055 1386 1101; x_wconf 85' lang='lat' dir='ltr'><em>Ignatii</em></span> 
     </span>
    </p>
   </div>
   <div class='ocr_carea' id='block_1_6' title="bbox 519 1151 1697 1306">
    <p class='ocr_par' dir='ltr' id='par_1_6' title="bbox 519 1151 1697 1306">
     <span class='ocr_line' id='line_1_10' title="bbox 519 1151 1697 1198; baseline -0.001 -10"><span class='ocrx_word' id='word_1_60' title='bbox 519 1154 563 1188; x_wconf 89' lang='lat' dir='ltr'><em>B.</em></span> <span class='ocrx_word' id='word_1_61' title='bbox 584 1151 802 1190; x_wconf 88' lang='lat' dir='ltr'>CANISIO</span> <span class='ocrx_word' id='word_1_62' title='bbox 821 1152 1062 1198; x_wconf 77' lang='lat' dir='ltr'>EJUSQUE</span> <span class='ocrx_word' id='word_1_63' title='bbox 1081 1151 1252 1189; x_wconf 87' lang='lat' dir='ltr'>SOCIIS</span> <span class='ocrx_word' id='word_1_64' title='bbox 1270 1151 1697 1189; x_wconf 89' lang='lat' dir='ltr'>COLONIENSIBUS</span> 
     </span>
     <span class='ocr_line' id='line_1_11' title="bbox 779 1248 1425 1306; baseline 0 -14"><span class='ocrx_word' id='word_1_65' title='bbox 779 1251 972 1301; x_wconf 84' lang='lat' dir='ltr'><em>Romae,</em></span> <span class='ocrx_word' id='word_1_66' title='bbox 1014 1262 1038 1292; x_wconf 87' lang='lat'><strong>2</strong></span> <span class='ocrx_word' id='word_1_67' title='bbox 1072 1248 1198 1306; x_wconf 91' lang='lat' dir='ltr'><em>Junii</em></span> <span class='ocrx_word' id='word_1_68' title='bbox 1242 1249 1354 1303; x_wconf 83' lang='lat'>1546</span> <span class='ocrx_word' id='word_1_69' title='bbox 1392 1250 1425 1291; x_wconf 81' lang='lat'><em>².</em></span> 
     </span>
    </p>
   </div>
   <div class='ocr_carea' id='block_1_7' title="bbox 280 1361 1930 1649">
    <p class='ocr_par' dir='ltr' id='par_1_7' title="bbox 280 1361 1930 1649">
     <span class='ocr_line' id='line_1_12' title="bbox 280 1361 1928 1411; baseline -0.002 -12"><span class='ocrx_word' id='word_1_70' title='bbox 280 1365 331 1399; x_wconf 83' lang='lat' dir='ltr'><em>In</em></span> <span class='ocrx_word' id='word_1_71' title='bbox 348 1365 443 1399; x_wconf 80' lang='lat' dir='ltr'><em>lzaec</em></span> <span class='ocrx_word' id='word_1_72' title='bbox 464 1364 657 1411; x_wconf 49' lang='lat' dir='ltr'><em>epistolas</em></span> <span class='ocrx_word' id='word_1_73' title='bbox 675 1363 722 1397; x_wconf 86' lang='lat' dir='ltr'><em>P.</em></span> <span class='ocrx_word' id='word_1_74' title='bbox 749 1362 900 1404; x_wconf 79' lang='lat' dir='ltr'><em>Nadal,</em></span> <span class='ocrx_word' id='word_1_75' title='bbox 929 1362 969 1397; x_wconf 82' lang='lat' dir='ltr'><em>S.</em></span> <span class='ocrx_word' id='word_1_76' title='bbox 996 1363 1156 1410; x_wconf 81' lang='lat' dir='ltr'><em>Ignatii</em></span> <span class='ocrx_word' id='word_1_77' title='bbox 1179 1363 1356 1404; x_wconf 80' lang='lat' dir='ltr'><em>nomine,</em></span> <span class='ocrx_word' id='word_1_78' title='bbox 1380 1361 1591 1397; x_wconf 77' lang='lat' dir='ltr'><em>Canisium</em></span> <span class='ocrx_word' id='word_1_79' title='bbox 1611 1361 1772 1408; x_wconf 81' lang='lat' dir='ltr'><em>ejusque</em></span> <span class='ocrx_word' id='word_1_80' title='bbox 1791 1362 1928 1404; x_wconf 84' lang='lat' dir='ltr'><em>socios,</em></span> 
     </span>
     <span class='ocr_line' id='line_1_13' title="bbox 356 1421 1930 1468; baseline -0.001 -10"><span class='ocrx_word' id='word_1_81' title='bbox 356 1424 611 1459; x_wconf 73' lang='lat' dir='ltr'><em>Leonardum</em></span> <span class='ocrx_word' id='word_1_82' title='bbox 631 1423 673 1457; x_wconf 85' lang='lat' dir='ltr'><em>K</em></span> <span class='ocrx_word' id='word_1_83' title='bbox 673 1424 768 1458; x_wconf 82' lang='lat' dir='ltr'><em>essel</em></span> <span class='ocrx_word' id='word_1_84' title='bbox 786 1426 822 1457; x_wconf 77' lang='lat' dir='ltr'><em>et</em></span> <span class='ocrx_word' id='word_1_85' title='bbox 841 1421 1100 1458; x_wconf 80' lang='lat' dir='ltr'><em>Everardum</em></span> <span class='ocrx_word' id='word_1_86' title='bbox 1122 1423 1422 1468; x_wconf 75' lang='lat' dir='ltr'><em>Questenburch</em></span> <span class='ocrx_word' id='word_1_87' title='bbox 1445 1423 1473 1464; x_wconf 74' lang='lat'><em>3,</em></span> <span class='ocrx_word' id='word_1_88' title='bbox 1500 1423 1555 1457; x_wconf 83' lang='lat' dir='ltr'><em>ad</em></span> <span class='ocrx_word' id='word_1_89' title='bbox 1578 1423 1738 1458; x_wconf 81' lang='lat' dir='ltr'><em>vineam</em></span> <span class='ocrx_word' id='word_1_90' title='bbox 1759 1422 1930 1457; x_wconf 81' lang='lat' dir='ltr'><em>Domini</em></span> 
     </span>
     <span class='ocr_line' id='line_1_14' title="bbox 351 1482 1929 1524; baseline -0.001 -7"><span class='ocrx_word' id='word_1_91' title='bbox 351 1483 532 1518; x_wconf 80' lang='lat' dir='ltr'><em>alacrius</em></span> <span class='ocrx_word' id='word_1_92' title='bbox 558 1483 602 1517; x_wconf 84' lang='lat' dir='ltr'><em>in</em></span> <span class='ocrx_word' id='word_1_93' title='bbox 620 1483 704 1517; x_wconf 80' lang='lat' dir='ltr'><em>dies</em></span> <span class='ocrx_word' id='word_1_94' title='bbox 721 1482 977 1517; x_wconf 81' lang='lat' dir='ltr'><em>excolendam</em></span> <span class='ocrx_word' id='word_1_95' title='bbox 997 1483 1255 1524; x_wconf 78' lang='lat' dir='ltr'><em>adhortatur,</em></span> <span class='ocrx_word' id='word_1_96' title='bbox 1275 1494 1322 1517; x_wconf 83' lang='lat' dir='ltr'><em>ac</em></span> <span class='ocrx_word' id='word_1_97' title='bbox 1345 1483 1392 1517; x_wconf 85' lang='lat' dir='ltr'><em>de</em></span> <span class='ocrx_word' id='word_1_98' title='bbox 1411 1482 1527 1517; x_wconf 82' lang='lat' dir='ltr'><em>rebus</em></span> <span class='ocrx_word' id='word_1_99' title='bbox 1552 1482 1775 1523; x_wconf 70' lang='lat' dir='ltr'><em>Societatis,</em></span> <span class='ocrx_word' id='word_1_100' title='bbox 1795 1483 1842 1516; x_wconf 86' lang='lat' dir='ltr'><em>de</em></span> <span class='ocrx_word' id='word_1_101' title='bbox 1861 1493 1929 1517; x_wconf 81' lang='lat' dir='ltr'><em>no-</em></span> 
     </span>
     <span class='ocr_line' id='line_1_15' title="bbox 352 1542 1929 1590; baseline -0.001 -12"><span class='ocrx_word' id='word_1_102' title='bbox 352 1544 412 1578; x_wconf 76' lang='lat' dir='ltr'><em>vis</em></span> <span class='ocrx_word' id='word_1_103' title='bbox 429 1543 608 1590; x_wconf 75' lang='lat' dir='ltr'><em>collegiis</em></span> <span class='ocrx_word' id='word_1_104' title='bbox 625 1543 764 1577; x_wconf 78' lang='lat' dir='ltr'><em>erectis</em></span> <span class='ocrx_word' id='word_1_105' title='bbox 782 1543 845 1577; x_wconf 83' lang='lat' dir='ltr'><em>vel</em></span> <span class='ocrx_word' id='word_1_106' title='bbox 863 1543 1086 1590; x_wconf 80' lang='lat' dir='ltr'><em>erigendis,</em></span> <span class='ocrx_word' id='word_1_107' title='bbox 1106 1543 1229 1588; x_wconf 82' lang='lat' dir='ltr'><strong><em>deque</em></strong></span> <span class='ocrx_word' id='word_1_108' title='bbox 1254 1543 1449 1577; x_wconf 80' lang='lat' dir='ltr'><em>Patribus</em></span> <span class='ocrx_word' id='word_1_109' title='bbox 1476 1542 1628 1588; x_wconf 80' lang='lat' dir='ltr'><em>Laynez</em></span> <span class='ocrx_word' id='word_1_110' title='bbox 1650 1544 1687 1577; x_wconf 79' lang='lat' dir='ltr'><em>et</em></span> <span class='ocrx_word' id='word_1_111' title='bbox 1713 1542 1929 1577; x_wconf 81' lang='lat' dir='ltr'><em>Salmeron</em></span> 
     </span>
     <span class='ocr_line' id='line_1_16' title="bbox 351 1601 1480 1649; baseline -0.001 -11"><span class='ocrx_word' id='word_1_112' title='bbox 351 1604 406 1637; x_wconf 87' lang='lat' dir='ltr'><em>ad</em></span> <span class='ocrx_word' id='word_1_113' title='bbox 423 1603 637 1638; x_wconf 78' lang='lat' dir='ltr'><em>concilium</em></span> <span class='ocrx_word' id='word_1_114' title='bbox 657 1603 929 1638; x_wconf 77' lang='lat' dir='ltr'><em>tridentinum</em></span> <span class='ocrx_word' id='word_1_115' title='bbox 949 1603 1083 1637; x_wconf 74' lang='lat' dir='ltr'><em>missis</em></span> <span class='ocrx_word' id='word_1_116' title='bbox 1100 1603 1311 1637; x_wconf 81' lang='lat' dir='ltr'><em>certiorem</em></span> <span class='ocrx_word' id='word_1_117' title='bbox 1323 1601 1433 1649; x_wconf 85' lang='lat' dir='ltr'><em>facit</em></span> <span class='ocrx_word' id='word_1_118' title='bbox 1451 1603 1480 1637; x_wconf 73' lang='lat'><em>⁴.</em></span> 
     </span>
    </p>
   </div>
   <div class='ocr_carea' id='block_1_8' title="bbox 282 1686 547 1694">
    <p class='ocr_par' dir='ltr' id='par_1_8' title="bbox 282 1686 547 1694">
     <span class='ocr_line' id='line_1_17' title="bbox 282 1686 547 1694; baseline 0 0"><span class='ocrx_word' id='word_1_119' title='bbox 282 1686 547 1694; x_wconf 95' lang='lat' dir='ltr'><em> </em></span> 
     </span>
    </p>
   </div>
   <div class='ocr_carea' id='block_1_9' title="bbox 275 1733 1926 2028">
    <p class='ocr_par' dir='ltr' id='par_1_9' title="bbox 277 1733 1926 1842">
     <span class='ocr_line' id='line_1_18' title="bbox 352 1733 1926 1782; baseline -0.001 -12"><span class='ocrx_word' id='word_1_120' title='bbox 352 1737 362 1757; x_wconf 91' lang='lat'>¹</span> <span class='ocrx_word' id='word_1_121' title='bbox 414 1735 486 1781; x_wconf 83' lang='lat' dir='ltr'><em>Ita,</em></span> <span class='ocrx_word' id='word_1_122' title='bbox 507 1735 706 1782; x_wconf 82' lang='lat' dir='ltr'><em>inexpleto</em></span> <span class='ocrx_word' id='word_1_123' title='bbox 726 1746 860 1780; x_wconf 86' lang='lat' dir='ltr'><em>sensu,</em></span> <span class='ocrx_word' id='word_1_124' title='bbox 880 1739 921 1770; x_wconf 85' lang='lat' dir='ltr'><em>et</em></span> <span class='ocrx_word' id='word_1_125' title='bbox 939 1734 1162 1769; x_wconf 80' lang='lat' dir='ltr'><em>narratione</em></span> <span class='ocrx_word' id='word_1_126' title='bbox 1181 1740 1356 1770; x_wconf 85' lang='lat' dir='ltr'><em>actorum</em></span> <span class='ocrx_word' id='word_1_127' title='bbox 1376 1734 1420 1769; x_wconf 88' lang='lat' dir='ltr'><em>P.</em></span> <span class='ocrx_word' id='word_1_128' title='bbox 1440 1734 1564 1769; x_wconf 88' lang='lat' dir='ltr'><em>Nadal</em></span> <span class='ocrx_word' id='word_1_129' title='bbox 1590 1733 1840 1780; x_wconf 82' lang='lat' dir='ltr'><em>imperfecta,</em></span> <span class='ocrx_word' id='word_1_130' title='bbox 1860 1745 1926 1768; x_wconf 89' lang='lat' dir='ltr'><em>ex-</em></span> 
     </span>
     <span class='ocr_line' id='line_1_19' title="bbox 277 1794 1002 1842; baseline -0.001 -12"><span class='ocrx_word' id='word_1_131' title='bbox 277 1795 388 1842; x_wconf 87' lang='lat' dir='ltr'><em>plicit</em></span> <span class='ocrx_word' id='word_1_132' title='bbox 406 1795 727 1830; x_wconf 87' lang='lat' dir='ltr'><em>commentarium</em></span> <span class='ocrx_word' id='word_1_133' title='bbox 745 1796 788 1829; x_wconf 90' lang='lat' dir='ltr'><em>P.</em></span> <span class='ocrx_word' id='word_1_134' title='bbox 810 1794 1002 1841; x_wconf 88' lang='lat' dir='ltr'><em>Jimenez.</em></span> 
     </span>
    </p>

    <p class='ocr_par' dir='ltr' id='par_1_10' title="bbox 275 1854 1925 2028">
     <span class='ocr_line' id='line_1_20' title="bbox 348 1854 1925 1901; baseline -0.001 -11"><span class='ocrx_word' id='word_1_135' title='bbox 348 1858 362 1876; x_wconf 86' lang='lat'><em>‘-&#39;</em></span> <span class='ocrx_word' id='word_1_136' title='bbox 412 1856 471 1890; x_wconf 83' lang='lat' dir='ltr'><em>Ex</em></span> <span class='ocrx_word' id='word_1_137' title='bbox 486 1857 845 1901; x_wconf 80' lang='lat' dir='ltr'>BRAUNSBERGER,</span> <span class='ocrx_word' id='word_1_138' title='bbox 865 1854 1024 1890; x_wconf 77' lang='lat' dir='ltr'><em>canisii</em></span> <span class='ocrx_word' id='word_1_139' title='bbox 1037 1856 1168 1901; x_wconf 59' lang='lat' dir='ltr'><em>epist„</em></span> <span class='ocrx_word' id='word_1_140' title='bbox 1184 1856 1216 1901; x_wconf 79' lang='grc' dir='ltr'><em>Ι,</em></span> <span class='ocrx_word' id='word_1_141' title='bbox 1235 1854 1403 1900; x_wconf 84' lang='lat'>188-192.</span> <span class='ocrx_word' id='word_1_142' title='bbox 1421 1855 1692 1901; x_wconf 83' lang='lat' dir='ltr'><strong>Archetypum</strong></span> <span class='ocrx_word' id='word_1_143' title='bbox 1710 1855 1925 1900; x_wconf 88' lang='lat' dir='ltr'><em>exemplar,</em></span> 
     </span>
     <span class='ocr_line' id='line_1_21' title="bbox 277 1914 1923 1962; baseline -0.001 -12"><span class='ocrx_word' id='word_1_144' title='bbox 277 1915 380 1950; x_wconf 88' lang='lat' dir='ltr'><em>unde</em></span> <span class='ocrx_word' id='word_1_145' title='bbox 399 1916 498 1950; x_wconf 84' lang='lat' dir='ltr'><em>hanc</em></span> <span class='ocrx_word' id='word_1_146' title='bbox 517 1915 723 1962; x_wconf 87' lang='lat' dir='ltr'><em>epistolam</em></span> <span class='ocrx_word' id='word_1_147' title='bbox 746 1915 990 1962; x_wconf 81' lang='lat' dir='ltr'><em>deprompsit</em></span> <span class='ocrx_word' id='word_1_148' title='bbox 1013 1915 1058 1949; x_wconf 89' lang='lat' dir='ltr'><em>P.</em></span> <span class='ocrx_word' id='word_1_149' title='bbox 1083 1916 1444 1960; x_wconf 80' lang='lat' dir='ltr'><strong>BRAUNSBERGER,</strong></span> <span class='ocrx_word' id='word_1_150' title='bbox 1469 1916 1591 1949; x_wconf 92' lang='lat' dir='ltr'><em>habes</em></span> <span class='ocrx_word' id='word_1_151' title='bbox 1610 1914 1649 1949; x_wconf 88' lang='lat' dir='ltr'><em>in</em></span> <span class='ocrx_word' id='word_1_152' title='bbox 1674 1914 1771 1950; x_wconf 91' lang='lat' dir='ltr'><em>Cod.</em></span> <span class='ocrx_word' id='word_1_153' title='bbox 1797 1914 1923 1949; x_wconf 88' lang='lat' dir='ltr'><em>colon.</em></span> 
     </span>
     <span class='ocr_line' id='line_1_22' title="bbox 275 1974 872 2028; baseline 0.005 -21"><span class='ocrx_word' id='word_1_154' title='bbox 275 1974 559 2028; x_wconf 40' lang='lat' dir='ltr'><em>«Litt3Epistt.</em></span> <span class='ocrx_word' id='word_1_155' title='bbox 580 1987 686 2010; x_wconf 89' lang='lat' dir='ltr'><em>var.»</em></span> <span class='ocrx_word' id='word_1_156' title='bbox 705 1975 732 2009; x_wconf 83' lang='lat' dir='ltr'><em>f.</em></span> <span class='ocrx_word' id='word_1_157' title='bbox 753 1975 807 2009; x_wconf 91' lang='lat' dir='ltr'><em>XI</em></span> <span class='ocrx_word' id='word_1_158' title='bbox 829 1977 872 2010; x_wconf 85' lang='lat'><em>¹¹.</em></span> 
     </span>
    </p>
   </div>
   <div class='ocr_carea' id='block_1_10' title="bbox 347 2034 1924 2142">
    <p class='ocr_par' dir='ltr' id='par_1_11' title="bbox 347 2034 1924 2142">
     <span class='ocr_line' id='line_1_23' title="bbox 347 2034 1478 2082; baseline -0.002 -11"><span class='ocrx_word' id='word_1_159' title='bbox 347 2037 361 2056; x_wconf 79' lang='lat'>³</span> <span class='ocrx_word' id='word_1_160' title='bbox 413 2035 474 2071; x_wconf 86' lang='lat' dir='ltr'><em>Cf.</em></span> <span class='ocrx_word' id='word_1_161' title='bbox 495 2037 854 2082; x_wconf 81' lang='lat' dir='ltr'>BRAUNSBERGER‚</span> <span class='ocrx_word' id='word_1_162' title='bbox 873 2036 947 2070; x_wconf 91' lang='lat' dir='ltr'><em>loc.</em></span> <span class='ocrx_word' id='word_1_163' title='bbox 967 2035 1052 2081; x_wconf 87' lang='lat' dir='ltr'><em>cit.,</em></span> <span class='ocrx_word' id='word_1_164' title='bbox 1077 2046 1166 2082; x_wconf 83' lang='lat' dir='ltr'><em>pag.</em></span> <span class='ocrx_word' id='word_1_165' title='bbox 1190 2034 1271 2080; x_wconf 89' lang='lat'>188,</span> <span class='ocrx_word' id='word_1_166' title='bbox 1291 2039 1422 2070; x_wconf 87' lang='lat' dir='ltr'><em>annot.</em></span> <span class='ocrx_word' id='word_1_167' title='bbox 1444 2044 1478 2069; x_wconf 89' lang='lat'><em>2.</em></span> 
     </span>
     <span class='ocr_line' id='line_1_24' title="bbox 347 2094 1924 2142; baseline -0.001 -12"><span class='ocrx_word' id='word_1_168' title='bbox 347 2097 362 2116; x_wconf 74' lang='lat'><em>‘⁴</em></span> <span class='ocrx_word' id='word_1_169' title='bbox 412 2095 540 2141; x_wconf 91' lang='lat' dir='ltr'><em>Hujus</em></span> <span class='ocrx_word' id='word_1_170' title='bbox 558 2095 748 2142; x_wconf 85' lang='lat' dir='ltr'><em>epistolae</em></span> <span class='ocrx_word' id='word_1_171' title='bbox 766 2100 1041 2141; x_wconf 84' lang='lat' dir='ltr'><em>argumentum</em></span> <span class='ocrx_word' id='word_1_172' title='bbox 1059 2094 1235 2130; x_wconf 88' lang='lat' dir='ltr'><em>breviter</em></span> <span class='ocrx_word' id='word_1_173' title='bbox 1251 2094 1314 2129; x_wconf 88' lang='lat' dir='ltr'><em>hic</em></span> <span class='ocrx_word' id='word_1_174' title='bbox 1333 2094 1512 2140; x_wconf 82' lang='lat' dir='ltr'><em>attigisse</em></span> <span class='ocrx_word' id='word_1_175' title='bbox 1531 2094 1713 2140; x_wconf 85' lang='lat' dir='ltr'><em>sufficiat,</em></span> <span class='ocrx_word' id='word_1_176' title='bbox 1732 2106 1805 2129; x_wconf 84' lang='lat' dir='ltr'><em>nec</em></span> <span class='ocrx_word' id='word_1_177' title='bbox 1820 2094 1924 2129; x_wconf 90' lang='lat' dir='ltr'><em>enim</em></span> 
     </span>
    </p>
   </div>
   <div class='ocr_carea' id='block_1_11' title="bbox 270 2154 1923 2741">
    <p class='ocr_par' dir='ltr' id='par_1_12' title="bbox 270 2154 1923 2741">
     <span class='ocr_line' id='line_1_25' title="bbox 274 2154 1923 2202; baseline -0.001 -12"><span class='ocrx_word' id='word_1_178' title='bbox 274 2167 418 2201; x_wconf 82' lang='lat' dir='ltr'><em>operae</em></span> <span class='ocrx_word' id='word_1_179' title='bbox 446 2155 614 2202; x_wconf 90' lang='lat' dir='ltr'><em>pretium</em></span> <span class='ocrx_word' id='word_1_180' title='bbox 639 2155 767 2190; x_wconf 90' lang='lat' dir='ltr'><em>visum</em></span> <span class='ocrx_word' id='word_1_181' title='bbox 793 2160 853 2190; x_wconf 91' lang='lat' dir='ltr'><em>est</em></span> <span class='ocrx_word' id='word_1_182' title='bbox 878 2167 964 2190; x_wconf 89' lang='lat' dir='ltr'><em>eam</em></span> <span class='ocrx_word' id='word_1_183' title='bbox 989 2155 1117 2190; x_wconf 89' lang='lat' dir='ltr'><em>denuo</em></span> <span class='ocrx_word' id='word_1_184' title='bbox 1143 2154 1248 2201; x_wconf 88' lang='lat' dir='ltr'><em>typis</em></span> <span class='ocrx_word' id='word_1_185' title='bbox 1274 2154 1473 2200; x_wconf 82' lang='lat' dir='ltr'><em>mandare,</em></span> <span class='ocrx_word' id='word_1_186' title='bbox 1500 2160 1582 2190; x_wconf 85' lang='lat' dir='ltr'><em>tum</em></span> <span class='ocrx_word' id='word_1_187' title='bbox 1607 2154 1698 2201; x_wconf 86' lang='lat' dir='ltr'><em>quia</em></span> <span class='ocrx_word' id='word_1_188' title='bbox 1721 2154 1851 2201; x_wconf 88' lang='lat' dir='ltr'><em>potius</em></span> <span class='ocrx_word' id='word_1_189' title='bbox 1875 2154 1923 2189; x_wconf 90' lang='lat' dir='ltr'><em>ad</em></span> 
     </span>
     <span class='ocr_line' id='line_1_26' title="bbox 276 2214 1920 2262; baseline 0.001 -13"><span class='ocrx_word' id='word_1_190' title='bbox 276 2215 316 2249; x_wconf 88' lang='lat' dir='ltr'><em>S.</em></span> <span class='ocrx_word' id='word_1_191' title='bbox 346 2215 543 2261; x_wconf 84' lang='lat' dir='ltr'><em>Ignatium</em></span> <span class='ocrx_word' id='word_1_192' title='bbox 567 2227 683 2262; x_wconf 87' lang='lat' dir='ltr'><em>quam</em></span> <span class='ocrx_word' id='word_1_193' title='bbox 712 2215 760 2250; x_wconf 87' lang='lat' dir='ltr'><em>ad</em></span> <span class='ocrx_word' id='word_1_194' title='bbox 784 2215 908 2250; x_wconf 86' lang='lat' dir='ltr'><em>Nadal</em></span> <span class='ocrx_word' id='word_1_195' title='bbox 929 2214 1114 2262; x_wconf 82' lang='lat' dir='ltr'><em>pertinet,</em></span> <span class='ocrx_word' id='word_1_196' title='bbox 1141 2220 1224 2250; x_wconf 90' lang='lat' dir='ltr'><em>tum</em></span> <span class='ocrx_word' id='word_1_197' title='bbox 1249 2214 1340 2261; x_wconf 87' lang='lat' dir='ltr'><em>quia</em></span> <span class='ocrx_word' id='word_1_198' title='bbox 1363 2214 1424 2250; x_wconf 93' lang='lat' dir='ltr'><em>bis</em></span> <span class='ocrx_word' id='word_1_199' title='bbox 1450 2216 1589 2250; x_wconf 92' lang='lat' dir='ltr'><em>saltem</em></span> <span class='ocrx_word' id='word_1_200' title='bbox 1614 2214 1691 2249; x_wconf 87' lang='lat' dir='ltr'><em>iam</em></span> <span class='ocrx_word' id='word_1_201' title='bbox 1717 2214 1821 2249; x_wconf 88' lang='lat' dir='ltr'><em>edita</em></span> <span class='ocrx_word' id='word_1_202' title='bbox 1845 2220 1920 2260; x_wconf 88' lang='lat' dir='ltr'><em>est;</em></span> 
     </span>
     <span class='ocr_line' id='line_1_27' title="bbox 274 2265 1922 2321; baseline 0 -12"><span class='ocrx_word' id='word_1_203' title='bbox 274 2286 379 2321; x_wconf 88' lang='lat' dir='ltr'><em>nam,</em></span> <span class='ocrx_word' id='word_1_204' title='bbox 399 2280 554 2321; x_wconf 81' lang='lat' dir='ltr'><em>praeter</em></span> <span class='ocrx_word' id='word_1_205' title='bbox 571 2276 651 2309; x_wconf 91' lang='lat' dir='ltr'><em>P.m</em></span> <span class='ocrx_word' id='word_1_206' title='bbox 670 2277 1030 2320; x_wconf 84' lang='lat' dir='ltr'>BRAUNSBERGER,</span> <span class='ocrx_word' id='word_1_207' title='bbox 1050 2276 1122 2310; x_wconf 88' lang='lat' dir='ltr'><em>loe.</em></span> <span class='ocrx_word' id='word_1_208' title='bbox 1142 2273 1226 2320; x_wconf 86' lang='lat' dir='ltr'><em>eit.,</em></span> <span class='ocrx_word' id='word_1_209' title='bbox 1246 2286 1332 2309; x_wconf 84' lang='lat' dir='ltr'><em>eam</em></span> <span class='ocrx_word' id='word_1_210' title='bbox 1351 2274 1474 2309; x_wconf 87' lang='lat' dir='ltr'><em>edidit</em></span> <span class='ocrx_word' id='word_1_211' title='bbox 1492 2275 1712 2320; x_wconf 86' lang='lat' dir='ltr'>JOSEPHUS</span> <span class='ocrx_word' id='word_1_212' title='bbox 1726 2265 1922 2320; x_wconf 82' lang='lat' dir='ltr'><strong>HANSEN,</strong></span> 
     </span>
     <span class='ocr_line' id='line_1_28' title="bbox 274 2331 1921 2381; baseline 0 -12"><span class='ocrx_word' id='word_1_213' title='bbox 274 2334 314 2369; x_wconf 87' lang='lat' dir='ltr'><em>in</em></span> <span class='ocrx_word' id='word_1_214' title='bbox 333 2336 726 2376; x_wconf 61' lang='lat' dir='ltr'><em>RhefflischeAkten,</em></span> <span class='ocrx_word' id='word_1_215' title='bbox 746 2346 835 2381; x_wconf 89' lang='lat' dir='ltr'><em>pag.</em></span> <span class='ocrx_word' id='word_1_216' title='bbox 856 2334 978 2380; x_wconf 83' lang='lat'>53-55.</span> <span class='ocrx_word' id='word_1_217' title='bbox 998 2335 1099 2370; x_wconf 88' lang='lat' dir='ltr'>Illud</span> <span class='ocrx_word' id='word_1_218' title='bbox 1118 2345 1194 2370; x_wconf 92' lang='lat' dir='ltr'><em>non</em></span> <span class='ocrx_word' id='word_1_219' title='bbox 1208 2335 1278 2369; x_wconf 88' lang='lat' dir='ltr'><em>abs</em></span> <span class='ocrx_word' id='word_1_220' title='bbox 1292 2347 1334 2369; x_wconf 89' lang='lat' dir='ltr'><em>re</em></span> <span class='ocrx_word' id='word_1_221' title='bbox 1349 2334 1424 2370; x_wconf 87' lang='lat' dir='ltr'><em>erit</em></span> <span class='ocrx_word' id='word_1_222' title='bbox 1436 2334 1499 2369; x_wconf 87' lang='lat' dir='ltr'><em>hie</em></span> <span class='ocrx_word' id='word_1_223' title='bbox 1513 2331 1783 2380; x_wconf 81' lang='lat' dir='ltr'><em>adnotare‚&#39;se.</em></span> <span class='ocrx_word' id='word_1_224' title='bbox 1799 2339 1921 2369; x_wconf 88' lang='lat' dir='ltr'><em>totam</em></span> 
     </span>
     <span class='ocr_line' id='line_1_29' title="bbox 273 2394 1921 2442; baseline 0.001 -14"><span class='ocrx_word' id='word_1_225' title='bbox 273 2394 479 2440; x_wconf 87' lang='lat' dir='ltr'><em>epistolam</em></span> <span class='ocrx_word' id='word_1_226' title='bbox 498 2407 519 2428; x_wconf 89' lang='lat' dir='ltr'><em>a</em></span> <span class='ocrx_word' id='word_1_227' title='bbox 538 2396 580 2429; x_wconf 91' lang='grc' dir='ltr'><em>Ρ.</em></span> <span class='ocrx_word' id='word_1_228' title='bbox 602 2395 724 2429; x_wconf 90' lang='lat' dir='ltr'><em>Nada]</em></span> <span class='ocrx_word' id='word_1_229' title='bbox 743 2395 902 2442; x_wconf 89' lang='lat' dir='ltr'><em>quidem</em></span> <span class='ocrx_word' id='word_1_230' title='bbox 925 2396 1168 2430; x_wconf 84' lang='lat' dir='ltr'><em>lucubratam</em></span> <span class='ocrx_word' id='word_1_231' title='bbox 1193 2394 1332 2440; x_wconf 86' lang='lat' dir='ltr'><em>fuisse,</em></span> <span class='ocrx_word' id='word_1_232' title='bbox 1357 2406 1434 2430; x_wconf 91' lang='lat' dir='ltr'><em>non</em></span> <span class='ocrx_word' id='word_1_233' title='bbox 1461 2406 1553 2429; x_wconf 91' lang='lat' dir='ltr'><em>vero</em></span> <span class='ocrx_word' id='word_1_234' title='bbox 1577 2394 1662 2441; x_wconf 90' lang='lat' dir='ltr'><em>ejus</em></span> <span class='ocrx_word' id='word_1_235' title='bbox 1686 2407 1803 2430; x_wconf 91' lang='lat' dir='ltr'><em>manu</em></span> <span class='ocrx_word' id='word_1_236' title='bbox 1827 2394 1921 2430; x_wconf 87' lang='lat' dir='ltr'><em>seri-</em></span> 
     </span>
     <span class='ocr_line' id='line_1_30' title="bbox 274 2454 1920 2502; baseline 0.001 -13"><span class='ocrx_word' id='word_1_237' title='bbox 274 2459 395 2501; x_wconf 85' lang='lat' dir='ltr'><em>ptam,</em></span> <span class='ocrx_word' id='word_1_238' title='bbox 421 2454 597 2501; x_wconf 86' lang='lat' dir='ltr'><em>exeeptis</em></span> <span class='ocrx_word' id='word_1_239' title='bbox 622 2455 768 2490; x_wconf 90' lang='lat' dir='ltr'><em>ultimis</em></span> <span class='ocrx_word' id='word_1_240' title='bbox 793 2455 940 2501; x_wconf 89' lang='lat' dir='ltr'><em>verbis,</em></span> <span class='ocrx_word' id='word_1_241' title='bbox 965 2455 1005 2490; x_wconf 91' lang='lat' dir='ltr'><em>in</em></span> <span class='ocrx_word' id='word_1_242' title='bbox 1029 2455 1171 2502; x_wconf 90' lang='lat' dir='ltr'><em>quibus</em></span> <span class='ocrx_word' id='word_1_243' title='bbox 1195 2455 1280 2501; x_wconf 91' lang='lat' dir='ltr'><em>ipse</em></span> <span class='ocrx_word' id='word_1_244' title='bbox 1305 2467 1374 2490; x_wconf 86' lang='lat' dir='ltr'><em>sua</em></span> <span class='ocrx_word' id='word_1_245' title='bbox 1400 2467 1515 2490; x_wconf 88' lang='lat' dir='ltr'><em>manu</em></span> <span class='ocrx_word' id='word_1_246' title='bbox 1539 2456 1636 2490; x_wconf 88' lang='lat' dir='ltr'><em>haec</em></span> <span class='ocrx_word' id='word_1_247' title='bbox 1661 2455 1810 2490; x_wconf 86' lang='lat' dir='ltr'><em>scribit:</em></span> <span class='ocrx_word' id='word_1_248' title='bbox 1838 2456 1920 2491; x_wconf 86' lang='lat' dir='ltr'><em>«Ex</em></span> 
     </span>
     <span class='ocr_line' id='line_1_31' title="bbox 270 2514 1919 2562; baseline 0.001 -12"><span class='ocrx_word' id='word_1_249' title='bbox 270 2514 547 2550; x_wconf 87' lang='lat' dir='ltr'><em>commissione</em></span> <span class='ocrx_word' id='word_1_250' title='bbox 572 2515 794 2550; x_wconf 88' lang='lat' dir='ltr'><em>Reuerendi</em></span> <span class='ocrx_word' id='word_1_251' title='bbox 824 2515 951 2550; x_wconf 86' lang='lat' dir='ltr'><em>Patris</em></span> <span class='ocrx_word' id='word_1_252' title='bbox 976 2515 1154 2561; x_wconf 84' lang='lat' dir='ltr'><em>Magistri</em></span> <span class='ocrx_word' id='word_1_253' title='bbox 1177 2515 1321 2561; x_wconf 82' lang='lat' dir='ltr'><em>Ignatii</em></span> <span class='ocrx_word' id='word_1_254' title='bbox 1346 2515 1610 2562; x_wconf 89' lang='lat' dir='ltr'><em>Hieronymus</em></span> <span class='ocrx_word' id='word_1_255' title='bbox 1635 2515 1787 2551; x_wconf 87' lang='lat' dir='ltr'><em>Natalis</em></span> <span class='ocrx_word' id='word_1_256' title='bbox 1810 2515 1919 2551; x_wconf 91' lang='lat' dir='ltr'><em>noui—</em></span> 
     </span>
     <span class='ocr_line' id='line_1_32' title="bbox 273 2574 1918 2622; baseline 0.001 -13"><span class='ocrx_word' id='word_1_257' title='bbox 273 2575 351 2609; x_wconf 87' lang='lat' dir='ltr'><em>tius</em></span> <span class='ocrx_word' id='word_1_258' title='bbox 366 2574 550 2620; x_wconf 83' lang='lat' dir='ltr'><em>indignus</em></span> <span class='ocrx_word' id='word_1_259' title='bbox 563 2574 770 2610; x_wconf 87' lang='lat' dir='ltr'><em>Societatis</em></span> <span class='ocrx_word' id='word_1_260' title='bbox 787 2577 922 2621; x_wconf 87' lang='lat' dir='ltr'><em>Jesu.»</em></span> <span class='ocrx_word' id='word_1_261' title='bbox 938 2576 1023 2610; x_wconf 86' lang='lat' dir='ltr'><em>Hoc</em></span> <span class='ocrx_word' id='word_1_262' title='bbox 1035 2586 1128 2610; x_wconf 87' lang='lat' dir='ltr'><em>vero</em></span> <span class='ocrx_word' id='word_1_263' title='bbox 1141 2581 1295 2611; x_wconf 82' lang='lat' dir='ltr'><em>constat</em></span> <span class='ocrx_word' id='word_1_264' title='bbox 1309 2587 1357 2610; x_wconf 87' lang='lat' dir='ltr'><em>ex</em></span> <span class='ocrx_word' id='word_1_265' title='bbox 1372 2575 1438 2611; x_wconf 89' lang='lat' dir='ltr'><em>cit.</em></span> <span class='ocrx_word' id='word_1_266' title='bbox 1455 2580 1628 2622; x_wconf 84' lang='lat' dir='ltr'><em>auctore,</em></span> <span class='ocrx_word' id='word_1_267' title='bbox 1641 2575 1707 2622; x_wconf 88' lang='lat' dir='ltr'><em>qui</em></span> <span class='ocrx_word' id='word_1_268' title='bbox 1718 2575 1773 2610; x_wconf 89' lang='lat' dir='ltr'><em>ait</em></span> <span class='ocrx_word' id='word_1_269' title='bbox 1788 2587 1918 2611; x_wconf 87' lang='lat' dir='ltr'><em>exem-</em></span> 
     </span>
     <span class='ocr_line' id='line_1_33' title="bbox 272 2634 1917 2682; baseline 0.001 -13"><span class='ocrx_word' id='word_1_270' title='bbox 272 2636 355 2680; x_wconf 89' lang='lat' dir='ltr'><em>plar</em></span> <span class='ocrx_word' id='word_1_271' title='bbox 384 2635 640 2681; x_wconf 87' lang='lat' dir='ltr'><em>archetypum</em></span> <span class='ocrx_word' id='word_1_272' title='bbox 671 2635 860 2682; x_wconf 83' lang='lat' dir='ltr'><em>scriptum</em></span> <span class='ocrx_word' id='word_1_273' title='bbox 890 2637 939 2670; x_wconf 89' lang='lat' dir='ltr'><em>ab</em></span> <span class='ocrx_word' id='word_1_274' title='bbox 971 2634 1120 2680; x_wconf 81' lang='lat' dir='ltr'><em>ignot03</em></span> <span class='ocrx_word' id='word_1_275' title='bbox 1153 2635 1309 2670; x_wconf 86' lang='lat' dir='ltr'><em>ultimos</em></span> <span class='ocrx_word' id='word_1_276' title='bbox 1341 2635 1438 2670; x_wconf 92' lang='lat' dir='ltr'><em>duos</em></span> <span class='ocrx_word' id='word_1_277' title='bbox 1463 2647 1601 2670; x_wconf 89' lang='lat' dir='ltr'><em>versus</em></span> <span class='ocrx_word' id='word_1_278' title='bbox 1631 2634 1917 2681; x_wconf 88' lang='lat' dir='ltr'><em>Hieronymum</em></span> 
     </span>
     <span class='ocr_line' id='line_1_34' title="bbox 272 2693 613 2741; baseline 0.006 -13"><span class='ocrx_word' id='word_1_279' title='bbox 272 2693 396 2729; x_wconf 85' lang='lat' dir='ltr'><em>Nadal</em></span> <span class='ocrx_word' id='word_1_280' title='bbox 417 2694 613 2741; x_wconf 87' lang='lat' dir='ltr'><em>seripsise.</em></span> 
     </span>
    </p>
   </div>
  </div>
 </body>
</html>
