2038 3313
303 185 320 219 4
899 174 1065 210 CHRON.
1094 175 1136 209 P.
1166 175 1353 211 NATALIS

987 342 1264 379 AUENIONE

1066 463 1177 497 1537

1131 589 1139 607 1

394 602 461 633 12.
528 588 653 632 Nihil
673 589 807 644 plane
829 602 915 630 nec
937 588 994 630 de
1017 587 1103 629 illis
1166 586 1383 640 intellexi,
1410 602 1494 631 nec
1517 589 1735 645 cogitaui,
1761 605 1846 634 nec
1872 592 1945 635 in—

298 666 466 722 quisiui
489 665 697 722 amplius.

394 757 461 799 13.
527 744 650 787 Cura
672 742 817 785 morbi
840 742 1109 798 periculosa,
1136 749 1181 784 et
1203 741 1248 784 in
1267 757 1320 784 ea
1337 743 1461 785 nulla
1478 744 1492 763 ‘²
1512 743 1692 799 pietatis
1709 747 1942 800 memoria,

297 836 531 877 nunquam
555 820 702 877 magis
724 836 750 863 a
772 819 939 875 pietate
961 818 1151 861 alienus.

394 912 460 953 14.
526 897 783 942 Discrimen
804 896 926 939 vitae
943 896 989 938 in
1006 897 1158 949 domo,
1179 895 1255 938 vbi
1273 911 1376 939 cum
1395 897 1613 941 catalanis
1632 900 1645 919 ³
1665 900 1944 945 habitabama

299 979 417 1020 Tum
439 978 497 1020 ad
520 975 843 1018 franciscanos:
870 974 975 1016 inde
998 988 1101 1015 cum
1126 973 1420 1016 franciscanis
1443 974 1647 1029 Niceam,
1673 977 1749 1019 vbi
1772 992 1944 1023 conue—

290 1061 461 1098 -nerant
485 1054 657 1097 Paulus
697 1067 738 1107 3,
765 1053 956 1095 Carolus
996 1062 1037 1105 5,
1078 1058 1123 1093 et
1153 1051 1439 1105 Franciscus,
1465 1068 1560 1105 rex,
1587 1055 1643 1096 de
1666 1070 1792 1110 pace,
1826 1071 1946 1111 quae>

297 1148 389 1175 non
411 1131 567 1185 coiuit,
593 1132 672 1174 sed
695 1129 904 1172 induciae
927 1130 980 1171 ad
1006 1128 1293 1171 decennium.
1327 1129 1393 1171 Ibi
1421 1131 1599 1187 excepit
1620 1147 1692 1175 me
1720 1148 1772 1176 ac
1799 1135 1943 1177 vesti-

295 1211 363 1252 uit
383 1210 721 1253 iureconsultus
745 1207 997 1250 Malt’eritus
1016 1207 1048 1258 ¹⁴,
1069 1214 1396 1250 conterraneus
1413 1223 1557 1261 meus,
1579 1224 1720 1264 quum
1742 1212 1945 1256 minatus

295 1294 415 1331 esset
439 1287 671 1330 Lumellus
696 1288 727 1338 ⁵,
753 1285 957 1327 minister
979 1284 1205 1340 generalis
1235 1284 1635 1329 franciscanorum.
1663 1288 1784 1331 Hinc
1807 1289 1938 1332 naui-

295 1364 404 1421 gaui
428 1363 745 1407 Barcinonam.

390 1453 456 1497 15.
524 1440 782 1493 Auenione‚
808 1447 914 1482 ante
940 1438 1144 1481 ultimum
1168 1438 1278 1481 illud
1297 1439 1555 1492 discrimen,
1579 1442 1641 1484 fui
1671 1458 1759 1486 non
1785 1443 1831 1485 in
1854 1444 1939 1486 mi-

294 1519 409 1572 nori,
441 1518 517 1561 vbi
546 1533 618 1561 me
646 1519 1023 1573 comprehensum
1054 1515 1218 1559 milites
1248 1531 1328 1572 pro
1357 1517 1548 1573 hispano
1576 1526 1622 1561 et
1655 1521 1943 1575 exploratore-

293 1598 540 1650 duxerunt,
572 1602 617 1639 et
646 1594 935 1637 minabantur
964 1601 1162 1636 atrocem
1193 1608 1367 1646 necem,
1403 1594 1569 1638 iniecta
1597 1596 1730 1639 etiam
1762 1598 1869 1641 fune
1891 1598 1939 1641 in

292 1675 474 1718 collum.
503 1672 568 1716 lbi
591 1687 731 1728 quum
755 1687 916 1723 essem,
944 1671 1140 1714 excitata
1162 1671 1294 1727 graui
1317 1671 1539 1715 seditione
1561 1673 1607 1715 in
1630 1674 1805 1727 castris,
1832 1675 1937 1719 reli-

292 1758 490 1806 querunt
512 1765 585 1793 me
606 1750 751 1792 solum
775 1748 818 1790 in
845 1748 1053 1791 tentorio.
1080 1749 1203 1799 Inde,
1230 1763 1371 1804 puero
1388 1749 1568 1801 comite,
1590 1765 1847 1807 compressa
1864 1768 1937 1796 se—

292 1828 479 1879 ditione,
506 1842 585 1883 per
607 1826 755 1870 media
777 1833 925 1868 castra
948 1825 1059 1868 redii
1083 1825 1129 1867 in
1151 1826 1324 1876 vrbem,
1347 1840 1436 1880 quo
1454 1834 1697 1882 antequam
1716 1829 1937 1883 venirem,

365 1993 374 2011 ¹
428 1990 508 2031 Sc„
529 1989 577 2023 de
596 1988 750 2034 Ignatio
770 1988 932 2033 ejusque
946 1986 1076 2021 sociis.

361 2053 374 2072 ‘2
427 2050 521 2084 Post
540 2050 704 2083 verbum
723 2049 840 2082 nulla
860 2047 1069 2093 scripserat
1089 2046 1211 2081 Nadal
1234 2058 1288 2087 re,
1309 2046 1379 2081 sed
1397 2049 1655 2083 cancellatum
1672 2049 1840 2085 videtur.

362 2111 375 2131 ³
427 2108 682 2145 Communius
701 2108 913 2142 catalauni
932 2106 1051 2142 latine
1070 2106 1252 2140 dicuntur
1271 2106 1421 2141 incolae
1441 2108 1664 2153 provinciae
1685 2110 1940 2146 Catalauniae·

290 2171 328 2205 in
349 2169 553 2216 Hispania,
573 2167 773 2214 hispanice
793 2178 886 2201 vero
905 2167 1123 2201 catalanes.
1152 2165 1374 2200 Discrimen
1400 2178 1493 2201 vero
1515 2167 1634 2213 vitae,
1659 2170 1722 2204 cui
1745 2171 1939 2206 obnoxius

290 2230 496 2265 Avenione
514 2228 588 2263 fuit
607 2228 745 2271 Nadal,
766 2227 855 2262 vide
880 2226 993 2269 infra,
1015 2227 1211 2271 JlMlssNEZ,
1236 2225 1456 2261 comment.
1478 2239 1542 2261 nn.
1565 2237 1599 2272 7,
1620 2228 1641 2262 8
1660 2235 1700 2264 et
1717 2240 1752 2274 9.

360 2292 375 2311 4
425 2291 532 2324 Inter
550 2299 730 2335 proceres
750 2286 1042 2332 majoricenses,
1061 2285 1127 2332 qui
1152 2286 1333 2321 Carolum
1358 2286 1633 2332 imperatorem
1658 2300 1760 2324 anno
1787 2299 1873 2334 1541
1896 2290 1936 2326 in

288 2350 394 2386 illam
414 2351 551 2384 urbem
576 2347 864 2393 ingredientem
890 2346 1103 2393 stipabant,
1129 2346 1339 2380 umbellam
1364 2346 1551 2391 ferentes,
1577 2348 1770 2394 reperitur
1794 2350 1937 2386 Petrus

288 2409 518 2445 Malferit-et
536 2408 669 2451 Vivot,
689 2407 755 2453 qui
780 2412 930 2453 postea,
956 2416 1056 2440 anno
1083 2405 1187 2450 1562,
1215 2417 1374 2440 munere
1401 2407 1571 2452 supremi
1592 2408 1736 2453 judicis
1754 2411 1938 2455 (veguer)

287 2468 483 2516 Majoricis
508 2468 760 2513 fungebatur.
787 2466 847 2502 Cf.
876 2465 1189 2509 DAMETO-MUT,
1209 2465 1315 2499 Hist.
1336 2467 1383 2500 de
1402 2466 1616 2509 Asallorca,
1638 2474 1665 2503 t.
1692 2469 1762 2512 III,
1789 2468 1856 2504 lib.
1882 2471 1935 2514 X,

286 2542 372 2576 cap.
389 2528 424 2573 33
442 2534 482 2564 et
497 2534 524 2563 t.
541 2529 592 2574 ΙΙ,
608 2532 739 2561 annot.
756 2534 816 2571 79,
833 2537 921 2572 pag.
938 2524 1021 2569 3693
1039 2524 1341 2570 etCAMPANER,
1357 2524 1504 2560 Clzron.
1522 2528 1729 2572 mayoric„
1743 2540 1831 2574 pag.
1847 2528 1930 2574 3153

287 2597 327 2626 et
352 2588 524 2633 285-286,
554 2587 621 2622 ubi
646 2587 748 2621 inter
768 2586 917 2631 juratos
942 2596 1012 2619 seu
1037 2589 1237 2618 senatores
1268 2584 1545 2630 majoricenses
1569 2586 1769 2623 invenitur
1792 2589 1933 2624 Petrus

286 2648 457 2685 Malferit
475 2646 587 2682 annis
610 2645 714 2692 1536,
738 2644 827 2690 1543
846 2650 885 2679 et
908 2644 1010 2688 1558.

423 2709 631 2754 Perperam
651 2705 853 2751 scripturn,
873 2715 941 2750 pro
963 2703 1168 2744 Lmzellus,
1189 2703 1245 2738 sic
1264 2704 1366 2738 enim
1386 2706 1655 2751 appellabatur
1673 2706 1850 2742 minister
1866 2719 1934 2753 ge-

286 2768 429 2804 neralis
448 2767 498 2804 O.
519 2767 570 2801 M.
593 2766 868 2802 «Celebratum
887 2769 954 2798 est·
966 2764 1037 2797 hoc
1052 2774 1180 2797 annno
1199 2763 1324 2807 (1535)
1343 2764 1566 2810 Capitulum
1584 2768 1769 2810 generale
1788 2766 1933 2803 Obser-

286 2835 447 2864 vantum
466 2827 505 2862 in
523 2825 713 2861 coenobio
732 2825 898 2859 Sanctae
918 2822 1055 2859 Crucis
1074 2823 1182 2857 urbis
1207 2823 1418 2870 Niciensis‚
1444 2825 1673 2860 Prouinciae
1699 2826 1832 2862 Sancti
1860 2828 1934 2862 Lu-

285 2888 430 2931 douici,
450 2887 489 2921 in
514 2885 650 2931 vigilia
673 2885 944 2927 PentecosteS,
970 2883 1010 2917 in
1034 2894 1110 2929 quo
1135 2883 1285 2917 electus
1310 2889 1371 2918 est
1395 2884 1433 2918 in
1460 2884 1679 2919 Ministrum
1705 2888 1931 2930 generalem

265 2990 268 2995 .
285 2946 518 2982 Vincentius
539 2946 739 2987 Lunellus,
759 2942 981 2990 prouinciae
1000 2941 1339 2988 Carthaginensis,
1355 2943 1583 2989 perfunctus
1599 2944 1726 2980 officio
1741 2945 1930 2981 Commis-

286 3007 377 3042 sarii
394 3004 590 3052 generalis
610 3003 789 3040 Curiae.»
811 3004 1009 3047 'WADINQ
1030 3002 1181 3036 Amzal.
1204 3002 1369 3043 Minor„
1387 3003 1496 3049 VIII,
1513 3012 1595 3048 594.
