2038 3313
862 170 1063 215 1535-1538
1761 172 1783 207 3

137 275 239 319 cobi
266 277 276 297 ¹
301 275 662 331 persecutionem
685 273 1016 325 salmantinam,
1038 280 1083 316 et
1105 274 1487 329 quemadmodum
1511 274 1658 316 fuerat
1675 289 1783 317 exa—

137 352 351 405 minatus,
378 359 485 405 etc.;
513 353 634 407 quod
657 367 710 395 eo
733 351 870 394 credo
898 357 1144 406 spectasse,
1177 351 1300 406 quod
1329 349 1518 393 sentiret
1546 365 1619 394 me
1646 365 1700 394 ea
1728 367 1783 395 ex

135 436 266 486 parte
287 429 349 472 illi
373 429 551 473 fortasis
574 445 666 473 non
688 429 843 480 fidere,
871 428 993 482 quod
1015 428 1154 483 longe
1176 435 1272 470 erat
1295 443 1321 470 a
1342 442 1467 471 vero.

227 522 269 563 o.
336 506 480 549 Duxit
503 508 559 549 ad
582 521 773 563 paruum
798 505 906 547 illud
931 512 976 547 et
1000 503 1237 559 antiquum
1263 505 1498 560 templum,
1525 505 1647 559 quod
1668 512 1737 547 est
1760 519 1785 547 e

137 584 326 640 regione
336 591 494 640 portae
504 583 894 626 dominicanorum
906 582 920 602 ²
930 615 939 633 ,
953 596 1006 624 ac
1017 596 1154 637 super
1163 582 1334 624 fontem
1345 581 1555 637 baptismi
1565 581 1781 637 prolixam

136 660 371 716 epistolam
396 663 409 682 ³
434 661 543 703 mihi
565 660 694 717 legit,
728 674 862 715 quam
890 658 937 700 in
966 658 1234 714 Hispaniam
1265 659 1322 701 ad
1349 665 1561 715 nepotem
1585 659 1599 679 ⁴
1624 673 1784 714 quem-

133 739 238 781 dam
256 753 389 780 suum
407 738 606 791 miserat,
628 745 673 780 et
691 744 785 781 tota
802 737 1037 793 spectabat
1054 733 1124 793 [eo
1142 735 1207 795 ut]
1218 736 1344 778 illum
1362 751 1388 779 a
1406 737 1560 779 seculo
1571 744 1784 780 euocaret

136 816 193 858 ad
215 815 335 858 vitae
358 815 699 871 perfectionem.
725 814 790 857 Ibi
812 828 921 857 vero
944 812 1135 869 agnouit
1157 814 1351 856 daemon
1380 812 1599 869 epistolae
1629 814 1783 857 effica-

134 891 251 935 ciam
281 900 326 935 et
354 892 534 949 Ignatii,
566 900 610 935 et
641 893 934 935 vehementer
962 905 1034 933 me
1061 890 1276 933 alienauit
1304 892 1360 932 ab
1389 890 1572 946 spiritu,
1606 890 1683 946 qui
1711 905 1784 934 me

135 971 392 1025 appetebat.
419 971 591 1024 Itaque,
619 983 758 1024 quum
781 968 1118 1024 egrederemur,
1150 974 1196 1010 et
1224 967 1270 1009 in
1299 983 1403 1011 area
1431 967 1783 1011 consisteremus

134 1054 241 1089 ante
263 1046 481 1089 ecclesiae
499 1053 690 1102 portam,
716 1045 808 1088 dixi
825 1044 1018 1101 Ignatio:
1045 1062 1061 1083 α
1071 1046 1172 1101 Ego
1191 1046 1314 1088 hunc
1337 1045 1503 1087 librum
1526 1046 1630 1088 volo
1653 1045 1782 1101 sequi

135 1124 148 1180 ζ
151 1123 372 1166 habebam
396 1138 567 1166 nouum
591 1129 912 1166 testamentum
941 1121 988 1164 in
1011 1122 1179 1177 manu):
1211 1137 1294 1166 vos
1322 1122 1476 1165 nescio
1500 1137 1590 1178 quo
1613 1123 1769 1166 euade-

136 1200 213 1243 tis:
260 1200 371 1243 nihil
413 1200 605 1256 amplius
648 1214 827 1242 mecum
871 1200 928 1242 de
964 1199 1034 1241 his
1078 1200 1214 1242 rebus
1259 1199 1432 1256 egeris,
1480 1214 1564 1243 nec
1609 1201 1666 1243 de
1709 1215 1782 1243 me

133 1291 311 1343 Cures.»

230 1368 246 1398 Ι
255 1370 296 1397 o.
364 1356 536 1399 Sensus
558 1354 695 1397 animi
718 1354 807 1397 mei
831 1354 895 1397 sic
919 1353 1020 1396 fuit:
1048 1354 1152 1396 nolo
1169 1353 1239 1396 his
1257 1368 1330 1396 me
1353 1356 1367 1375 ⁵
1391 1354 1658 1411 adiungere:
1681 1355 1782 1410 quis

134 1431 221 1475 scit
249 1448 307 1475 an
335 1432 537 1475 incident
567 1431 809 1487 aliquando
838 1432 884 1474 in
913 1430 1225 1486 inquisitores?
1254 1430 1474 1474 Existimo
1508 1432 1782 1475 deterruisse

135 1524 208 1553 me
235 1511 291 1552 ab
315 1509 493 1566 Ignatio
522 1511 794 1552 monachum
826 1508 1175 1560 franciscanum,
1199 1508 1520 1562 Panadesium,
1547 1517 1782 1553 conterra-

134 1601 271 1630 neum
294 1601 444 1629 meum
468 1594 513 1629 et
537 1586 818 1639 familiarem,
840 1586 913 1629 cui
931 1593 1028 1629 erat
1044 1585 1291 1628 auctoritas
1308 1600 1400 1628 non
1418 1586 1638 1642 vulgaris,
1661 1588 1782 1642 quod

135 1678 317 1708 vererer
338 1679 396 1707 ne
418 1664 599 1707 sinistre
619 1664 665 1705 in
694 1664 885 1720 patriam
913 1665 970 1706 de
999 1663 1102 1721 [me]
1133 1662 1366 1706 scriberet.
1401 1663 1611 1720 Amplius
1640 1666 1783 1708 Lute-

135 1741 234 1785 ciae
255 1756 347 1784 non
369 1741 477 1793 vidi,
504 1756 589 1784 nec
611 1741 855 1797 Ignatium,
882 1755 965 1784 nec
989 1756 1263 1796 quemquam
1287 1755 1312 1784 e
1340 1741 1450 1784 suis.

233 1832 298 1862 11.
365 1818 496 1862 Initio
525 1818 652 1870 belli,
685 1819 807 1874 quod
837 1826 1018 1875 gestum
1058 1818 1156 1876 [est]
1197 1818 1243 1860 in
1276 1818 1521 1861 Prouincia
1549 1834 1575 1862 a
1603 1834 1784 1862 caesare

136 1897 300 1940 Carolo
325 1899 404 1951 5.⁰,
431 1911 570 1951 quum
595 1912 620 1939 a
644 1903 862 1939 tunetana
884 1896 1172 1952 expeditione
1195 1896 1403 1939 rediisset
1439 1903 1597 1939 contra
1628 1911 1783 1953 regem

136 1974 444 2025 Franciscum,
477 1981 521 2017 et
550 1973 756 2030 Ignatius
784 1973 830 2016 in
859 1973 1127 2029 Hispaniam
1152 1975 1184 2025 ⁰,
1218 1981 1263 2015 et
1291 1980 1450 2029 postea
1479 1973 1589 2017 socii
1619 1974 1665 2016 in
1694 1975 1785 2017 Ita—

137 2050 242 2093 liam
269 2053 299 2102 ⁷,
326 2058 370 2093 et
393 2066 480 2107 ego
504 2050 779 2094 Auinionem
803 2050 1095 2093 discessimus
1118 2052 1149 2092 S.

214 2227 222 2245 ¹
275 2225 334 2258 Ita
352 2225 621 2270 appellabatur
638 2230 747 2271 porta
764 2223 952 2267 civitatis,
971 2235 1071 2270 quae
1085 2223 1256 2258 ducebat
1270 2223 1318 2258 ad
1334 2223 1464 2258 vicum
1484 2225 1740 2270 Jacobaeum.

211 2287 224 2305 ‘-'
277 2283 369 2318 Divi
386 2283 582 2319 Dominici
597 2285 786 2330 templum
805 2283 1000 2319 interdum
1016 2283 1149 2318 adibat
1167 2282 1359 2329 IgnatiuS,
1380 2283 1515 2318 orandi
1529 2284 1669 2329 gratia.
1686 2285 1787 2320 Vide

137 2344 239 2379 Acta
260 2344 516 2385 Sanctorum,
537 2349 631 2378 tom.
652 2344 726 2378 VII
746 2343 854 2389 Julii,
876 2344 976 2378 Acta
995 2343 1297 2388 antiquissima,
1318 2355 1357 2379 n.
1377 2351 1436 2388 79.

212 2405 225 2424 ⁵
276 2404 385 2438 Haec
403 2415 515 2449 porro
535 2403 699 2449 epistola
713 2403 957 2437 desideratur
975 2402 1015 2437 in
1033 2402 1267 2437 collectione
1287 2402 1541 2449 epistolarum
1561 2404 1601 2439 S.
1629 2405 1788 2450 Ignatii,

139 2475 266 2510 neque
285 2463 333 2498 de
353 2475 398 2497 ea
416 2462 561 2509 aliquid
579 2463 774 2506 novimus,
794 2469 948 2509 praeter
967 2463 1077 2506 haec,
1098 2474 1196 2509 quae
1216 2474 1236 2497 a
1255 2463 1298 2498 P.
1319 2462 1443 2497 Nadal
1463 2462 1526 2498 hic
1545 2470 1787 2500 asseruntur.

211 2525 225 2544 4
276 2524 336 2557 De
355 2522 564 2569 nepotibus
585 2522 625 2557 S.
646 2522 804 2567 Ignatii,
823 2522 873 2557 cf.
903 2521 1050 2557 Cartas
1076 2523 1123 2557 de
1150 2522 1190 2557 S.
1211 2522 1393 2569 Ignacio,
1415 2523 1446 2566 I,
1465 2531 1501 2567 7,
1530 2528 1665 2559 annot.
1694 2533 1728 2569 23
1750 2531 1790 2560 et

140 2582 358 2625 POLANCO,
382 2581 546 2623 Clzron„
568 2582 598 2625 I,
627 2582 807 2628 Append.
828 2583 878 2616 II.

212 2643 226 2663 5
277 2642 365 2683 Ms.,
386 2642 478 2676 nolo
497 2653 558 2676 me
576 2642 638 2676 his
655 2654 717 2676 me
732 2642 972 2689 adiungere.

211 2703 225 2722 ¹³
278 2701 355 2744 Se„
377 2706 563 2736 autumno
581 2701 671 2736 anni
693 2700 796 2746 1535.
818 2701 917 2736 Vide
937 2702 1156 2745 POLANCO,
1180 2700 1346 2743 Clzron„
1368 2702 1398 2745 I,
1420 2711 1479 2746 52.

214 2764 225 2782 ⁷
281 2769 319 2795 11
341 2760 576 2795 Novembris
598 2760 702 2805 1536.
723 2761 942 2806 POLANco,
965 2760 1131 2802 chron„
1152 2761 1183 2806 I,
1205 2770 1263 2805 54.

214 2822 229 2841 ⁸
280 2820 346 2855 Sic
363 2820 561 2855 concludit
578 2820 701 2855 Nadal
717 2820 829 2856 initio
843 2821 926 2856 folii
943 2820 993 2866 4.i
1021 2820 1283 2855 narrationem
1298 2833 1428 2855 rerum
1443 2821 1602 2858 Parisiis
1617 2828 1789 2859 actarum

143 2879 256 2914 annis
274 2878 362 2924 1535
381 2885 421 2915 et
443 2879 546 2924 1536,
566 2880 744 2926 quamvis
763 2880 803 2914 in
825 2879 985 2915 exordio
1009 2891 1087 2914 non
1112 2879 1187 2915 nisi
1212 2880 1380 2926 priorem
1405 2893 1549 2916 annum
1573 2884 1789 2919 annotavit.

146 2938 354 2985 Reliquum
378 2938 460 2974 folii
483 2940 532 2984 4.¹'
560 2939 653 2974 nihil
686 2939 875 2986 seriptum
905 2940 1038 2983 habet,
1064 2945 1104 2974 et
1135 2939 1247 2974 initio
1280 2939 1363 2975 folii
1395 2940 1442 2985 5³
1469 2947 1555 2976 acta
1587 2942 1791 2978 Avenione

148 3009 327 3032 enarrare
346 2998 497 3044 incipit.
