2038 3313
799 213 1000 259 1538-1545
1680 221 1717 247 11

78 318 342 361 cederemus
382 318 438 359 ad
466 316 617 360 studia
645 323 797 359 nostra
828 323 872 359 et
902 315 1144 359 conciones
1176 315 1416 370 parandas,
1449 321 1498 355 vt
1532 313 1638 356 inde
1667 315 1723 356 ad

78 395 359 438 afferendum
384 395 580 437 fructum
604 394 839 437 animabus
862 393 1162 449 prodiremus,
1190 399 1235 435 et
1257 391 1412 435 nescio
1441 389 1550 445 quid
1578 390 1724 434 simile

77 471 318 516 Societatis
340 471 547 514 instituto
571 471 719 514 animo
742 471 1089 527 complectebar.

168 563 237 604 30.
305 548 469 591 Hieme
491 548 650 605 reliqui
673 548 798 590 illurn
822 548 988 601 locum,
1015 547 1134 602 quod
1164 546 1395 589 videretur
1416 560 1517 588 esse
1547 552 1722 601 tempe-

76 636 278 680 stuosus,
315 634 360 669 et
382 626 584 669 habitaui
611 626 658 668 in
685 627 821 668 domo
849 625 1067 681 contigua
1101 626 1110 645 ¹
1143 623 1538 667 carthusianorum
1571 625 1720 676 horto,

76 705 198 746 vnde
219 718 298 760 per
321 703 545 759 posticum
563 703 871 746 commeabam
890 703 947 744 ad
965 701 1280 744 carthusianos
1303 701 1335 752 ²,
1358 707 1402 742 et
1420 699 1482 742 ibi
1501 699 1722 742 faciebam

78 781 257 824 missae.
291 781 380 824 Hic
408 782 535 824 locus
573 795 663 823 non
702 781 856 823 aberat
884 778 1067 835 longius
1096 778 1153 821 ab
1183 777 1371 821 eremita
1408 792 1543 832 quarn
1581 776 1719 832 prior:

78 861 169 901 huc
192 860 249 901 ad
272 874 344 901 me
365 858 578 901 veniebat
600 859 814 912 frequens
842 856 1044 908 eremita,
1078 855 1460 911 quemadmodum
1490 855 1547 896 ad
1570 853 1722 896 Trini-

79 935 183 979 tatis
201 937 390 979 solebat.

167 1025 237 1068 31.
304 1014 368 1055 Ita
391 1011 541 1055 animo
562 1013 855 1054 fluctuabam:
883 1011 1153 1066 quaerebam
1177 1008 1396 1064 requiem,
1417 1009 1498 1051 sed
1516 1007 1723 1064 fugiebat

76 1090 151 1132 1113
178 1104 271 1142 me,
298 1089 404 1145 quia
432 1091 681 1145 effugeram
711 1091 860 1131 Deum
890 1102 962 1130 me
988 1094 1250 1139 vocantem3
1283 1094 1328 1129 et
1357 1093 1507 1129 tamen
1536 1092 1723 1128 reuocat

76 1166 207 1210 suaui
230 1174 275 1210 et
297 1166 507 1209 clementi
531 1167 724 1222 ambage
744 1167 871 1208 Deus
894 1179 1038 1216 meus,
1065 1164 1187 1219 quod
1214 1163 1289 1206 hic
1319 1162 1514 1220 primum
1542 1161 1722 1218 incoepi

77 1243 347 1300 intelligere,
373 1250 422 1285 vt
444 1243 586 1299 potui,
613 1258 716 1285 nam
741 1242 877 1284 missa
900 1250 968 1284 est
990 1242 1047 1284 ad
1069 1256 1142 1284 rne
1164 1242 1220 1283 ab
1238 1240 1383 1283 amico
1401 1241 1415 1261 ⁵
1440 1255 1496 1283 ex
1518 1241 1630 1282 vrbe
1648 1239 1723 1282 illa

1480 1318 1518 1371 ⁴,
1555 1331 1645 1372 qua
1677 1324 1724 1360 et

77 1322 333 1377 exemplum
372 1321 589 1376 epistolae
628 1320 709 1363 M.i
737 1322 772 1362 F
776 1319 968 1362 rancisci
1001 1318 1172 1362 Xauier
1200 1333 1256 1361 ex
1293 1317 1448 1374 primis

74 1407 227 1442 narrat
243 1398 436 1441 eximius
454 1401 590 1441 Pater
608 1398 889 1454 praeclarum
913 1404 958 1439 et
981 1396 1107 1438 illum
1125 1397 1325 1452 amplum
1343 1396 1559 1446 fructum,
1587 1409 1721 1449 quem

73 1476 296 1519 Dominus
318 1476 557 1518 animabus
580 1476 810 1528 attulerat,
836 1482 881 1517 et
904 1473 1015 1515 illud
1032 1473 1203 1530 gratias
1221 1473 1390 1529 agebat
1407 1473 1530 1528 quod
1546 1471 1723 1514 videret

73 1554 346 1598 Societatem
377 1555 476 1596 Iesu
507 1569 533 1596 a
561 1553 669 1595 sede
696 1551 944 1608 apostolica
972 1565 1073 1594 esse
1101 1552 1414 1594 confirmatam
1446 1552 1482 1603 ὃ;
1515 1551 1572 1592 ad
1606 1563 1725 1604 quae

73 1632 213 1674 verba
235 1630 364 1686 quasi
387 1646 412 1673 e
429 1630 645 1673 diuturno
663 1644 821 1672 somno
839 1628 1080 1685 euigilans,
1102 1636 1147 1671 et
1164 1627 1329 1684 Ignatii
1347 1642 1399 1670 ac
1418 1642 1584 1679 rerum,
1607 1641 1724 1681 quae

75 1708 184 1750 mihi
207 1723 312 1751 cum
336 1710 389 1751 P.
416 1707 594 1764 Ignatio
618 1707 989 1759 intercesserant,
1015 1706 1302 1757 recordatus,
1334 1707 1628 1747 vehementer
1656 1703 1723 1745 fui

75 1785 224 1828 animo
247 1792 517 1837 commotus,
544 1784 772 1839 etiamque
799 1784 948 1840 palma
975 1798 1178 1826 mensam
1207 1781 1467 1838 percutiens
1496 1782 1724 1824 exclama—

76 1862 138 1905 ui:
169 1864 329 1906 «Nunc
351 1865 438 1905 hoc
460 1862 675 1917 aliquid»;
702 1860 830 1916 quasi
853 1861 928 1903 illa
949 1860 1121 1912 vltima,
1148 1874 1263 1915 quae
1286 1859 1487 1902 dixeram
1512 1861 1565 1902 P.
1587 1860 1724 1914 Igna-

77 1940 139 1982 tio
177 1940 392 1983 Luteciae
424 1942 457 1992 ⁶,
491 1954 595 1982 cum
624 1937 852 1995 praesenti
881 1952 1031 1981 rerum
1061 1945 1106 1980 et
1135 1936 1354 1980 ecclesiae
1381 1935 1725 1979 confirmatione

76 2017 383 2074 coniungens,
424 2018 558 2073 plane
586 2015 757 2073 agnoui
785 2015 969 2058 Domini
1000 2014 1217 2071 gratiam,
1251 2022 1296 2057 et
1326 2013 1413 2056 iam
1447 2013 1554 2073 inde
1583 2012 1726 2055 adieci

75 2094 276 2137 animum
299 2102 348 2136 vt
371 2096 560 2137 Romam
589 2092 913 2150 proficiscerer.
948 2094 1051 2135 Mea
1080 2107 1189 2135 vero
1219 2099 1314 2135 erat
1338 2092 1450 2133 haec
1484 2089 1720 2146 cogitatio,

152 2264 158 2282 ¹
212 2262 301 2307 Ms.,
327 2262 531 2308 contiguo.

145 2324 158 2342 ‘-'
211 2322 327 2356 «Esta
346 2320 535 2355 edificada
553 2326 637 2355 esta
652 2321 746 2354 Real
766 2331 855 2354 casa
874 2319 922 2354 de
942 2321 978 2354 la
997 2318 1159 2364 Cartuja
1177 2318 1226 2353 de
1252 2319 1369 2364 Jesus
1391 2317 1439 2352 de
1459 2317 1655 2352 Nazareth
1674 2328 1725 2351 en

75 2381 111 2415 la
130 2380 348 2415 eminencia
366 2380 414 2415 de
432 2381 468 2415 la
487 2384 683 2423 montana,
704 2381 737 2414 a]
754 2379 841 2414 lado
856 2379 904 2413 de
923 2380 959 2414 la
974 2378 1067 2413 villa
1080 2378 1129 2413 de
1145 2378 1413 2421 Valldemoza,
1429 2376 1618 2411 conoeido
1633 2375 1725 2411 sitio

76 2451 145 2486 por
163 2452 208 2475 su
226 2440 432 2475 amenidad
449 2452 474 2486 y
493 2440 630 2475 cielo.»
651 2440 966 2480 DAMETo-MUT‚
987 2439 1094 2473 Hist.
1121 2439 1168 2473 de.
1187 2438 1403 2478 M‘allorca,
1425 2442 1452 2472 t.
1474 2437 1544 2480 III,
1565 2436 1633 2470 lib.
1654 2435 1724 2479 XI,

76 2512 161 2547 cap.
191 2509 247 2535 12.

149 2561 162 2580 ³
214 2559 313 2606 Quis
332 2559 451 2594 fuerit
469 2558 543 2594 iste
562 2559 724 2602 amicus,
745 2559 835 2593 vide
854 2558 968 2601 infra,
988 2558 1199 2600 XIMENEZ,
1222 2556 1458 2598 Commeut„
1487 2568 1525 2590 n.
1556 2563 1611 2589 11.

148 2621 163 2641 ⁴
213 2619 389 2663 Scilicet,
409 2631 457 2653 ex
476 2618 610 2665 primis
628 2619 766 2653 decem
785 2618 901 2653 sociis
920 2618 1055 2652 Sancti
1074 2617 1231 2662 Ignatii.

149 2681 163 2700 5
214 2679 350 2714 Sermo
369 2691 457 2713 esse
477 2679 632 2713 videtur
650 2678 699 2713 de
719 2678 884 2724 epistola
902 2689 923 2712 a
943 2678 983 2712 S.
1004 2676 1233 2719 Franciseo,
1258 2675 1384 2722 pridie
1409 2675 1495 2710 idus
1522 2675 1604 2709 Ian.
1635 2682 1726 2718 1544

76 2738 179 2773 data.
200 2739 261 2774 Cf.
282 2739 542 2782 MENCHACA,
562 2739 692 2784 Epist.
715 2738 754 2772 S.
775 2738 1004 2778 Francisci,
1026 2736 1094 2772 lib.
1121 2736 1152 2780 I,
1179 2748 1240 2782 ep.
1268 2744 1358 2778 XIV,
1378 2747 1416 2769 n.
1447 2743 1509 2778 143
1537 2733 1604 2768 ubi
1629 2734 1726 2768 haec

77 2798 213 2833 scribit
233 2799 398 2833 Sanctus
418 2797 648 2833 Franciscus
668 2797 819 2843 javier:
841 2799 921 2832 «Ex
941 2797 1074 2831 multis
1093 2801 1225 2831 autem
1244 2807 1288 2830 ac
1307 2795 1460 2840 magnis
1478 2793 1593 2839 hujus
1620 2793 1725 2828 vitae

76 2857 283 2902 fructibus,
302 2870 399 2905 quos
418 2858 543 2892 adhuc
562 2857 637 2892 Dei
655 2857 847 2892 beneficio
865 2857 971 2903 cepi,
993 2862 1032 2891 et
1050 2855 1225 2903 quotidie
1244 2856 1375 2901 capio,
1395 2854 1504 2889 illurn
1524 2853 1727 2888 enimvero

77 2917 178 2952 duco
197 2917 421 2961 maximum,
442 2918 546 2964 quod
563 2924 720 2952 nostrae
739 2916 949 2952 Societatis
975 2916 1225 2959 Institutum,
1246 2914 1448 2950 Pontificis
1472 2913 1633 2948 Maximi
1661 2924 1725 2947 au-

79 2976 261 3011 ctoritate
280 2979 576 3023 comprobatum
595 2977 945 3023 confirmatumque
965 2988 1053 3011 esse
1073 2974 1281 3021 cognovi.»

154 3037 168 3057 ‘³
218 3036 318 3071 Vide
337 3049 467 3083 supra,
486 3050 524 3072 n.
544 3048 579 3082 9.
