2038 3313
718 184 905 220 CODICES
933 184 976 219 P.
1005 183 1155 219 NADAL
1683 192 1764 219 xrv

799 329 982 370 Codex
1013 327 1085 367 13

209 440 388 484 Scholia
410 442 461 484 in
483 443 824 486 constitutiones
846 447 886 486 et
907 440 1422 485 declarationes—Vol.
1456 439 1502 482 in
1532 442 1613 493 4⁰,
1645 440 1762 482 anti-

118 517 272 573 quitus
295 528 599 576 compactum,
625 527 670 565 et
691 522 777 564 hac
800 520 1092 577 inscriptione
1122 518 1168 561 in
1196 519 1332 561 dorso
1360 517 1608 574 signatum,
1640 516 1763 559 litte-

118 595 178 638 ris
220 596 391 640 aureis:
436 599 624 642 «HIER.
662 599 934 642 NATALIS
963 596 969 656 Ι
998 597 1225 642 SCOLIA
1254 594 1260 654 Ι
1288 597 1350 639 ΙΝ
1384 595 1759 639 CONSTITUT.

115 672 122 732 Ι
170 675 302 719 MSS.
340 676 652 720 AUTOGR.»
680 677 872 720 Constat
900 677 948 718 ff.
982 688 1067 730 243
1097 674 1244 731 sign.,
1276 680 1322 717 et
1349 672 1580 717 nonnullis
1606 671 1764 715 vacuis

116 751 163 794 in
185 753 292 807 fine,
319 760 364 796 et
392 769 484 797 non
513 753 633 811 sign.
665 753 796 797 Initio
820 761 989 806 autern,
1015 759 1121 796 ante
1144 753 1220 795 fol.
1248 766 1438 795 numero
1467 764 1482 794 1
1510 750 1760 807 signatum,

116 844 259 873 unum
281 838 350 874 est
372 846 463 874 non
486 839 790 886 numeratum,
811 831 857 874 in
876 846 965 888 quo
983 830 1134 887 aliqua
1155 828 1390 873 annotavit
1407 828 1503 884 ipse
1522 830 1574 870 P.
1596 827 1759 879 Nadal,

116 921 309 963 quorum
332 908 406 952 hic
434 908 578 965 prima
606 916 651 954 et
679 909 838 954 ultima
871 910 1010 954 verba
1039 906 1401 952 transcribimus:
1439 904 1612 949 «versio
1642 919 1764 948 noua

115 985 467 1030 examinanda...
495 1002 553 1031 an
575 1003 733 1032 omnes
756 988 1042 1032 coadiutores
1065 985 1291 1042 simplices
1320 984 1499 1042 possint
1528 982 1625 1026 fieri
1654 997 1762 1039 pro-

117 1062 268 1106 fessi.»

206 1142 423 1186 Continet
453 1143 771 1188 annotationes
798 1159 879 1187 seu
909 1142 1233 1186 illustrationes
1261 1139 1502 1192 examinis,
1535 1138 1762 1182 constitu-

117 1217 309 1274 tionum,
345 1227 391 1264 et
421 1221 796 1275 declarationum,
834 1236 949 1278 quae
983 1221 1165 1277 quidem
1195 1220 1374 1262 Scholia
1406 1219 1463 1262 ad
1496 1216 1761 1274 penitiorem

117 1295 312 1340 instituti
346 1299 586 1344 Societatis
612 1302 722 1358 Jesu
756 1299 1103 1357 intelligentiam
1140 1298 1384 1355 plurimum
1423 1296 1650 1349 conferre,
1692 1296 1765 1338 vel

117 1374 221 1419 inde
243 1376 341 1419 erui
363 1384 527 1433 potest,
554 1379 674 1434 quod
698 1378 745 1421 in
773 1378 886 1422 actis
913 1377 1142 1421 secundae
1170 1373 1541 1432 congregationis
1569 1388 1763 1430 genera—

118 1452 186 1506 lis,
214 1454 286 1497 cui
309 1456 462 1511 plures
485 1472 540 1500 ex
562 1456 718 1513 primis
741 1458 788 1502 S.
815 1455 980 1514 Ignatii
1003 1454 1137 1499 sociis
1159 1454 1479 1505 interfuerunt,
1506 1451 1631 1494 hisce
1660 1466 1762 1494 ver-

116 1529 183 1573 bis
208 1532 419 1577 traditur:
450 1535 632 1591 «Quum
654 1534 985 1579 intercessisset
1008 1532 1169 1588 aliquis
1192 1531 1311 1575 circa
1340 1530 1521 1575 Scholia
1544 1531 1597 1573 P.
1620 1530 1764 1572 Nata—

115 1607 184 1662 lis,
212 1612 333 1666 quod
356 1611 519 1656 attinet
536 1614 592 1657 ad
611 1612 924 1656 auctoritatem
943 1611 1156 1667 aliquam,
1176 1624 1294 1665 quae
1311 1608 1420 1665 ipsis
1438 1607 1575 1650 tribui
1597 1607 1763 1651 debere

114 1685 445 1742 insinuabatur,
471 1691 641 1747 placuit
664 1689 1042 1747 Congregationi,
1069 1696 1119 1731 ut
1142 1686 1372 1745 praedicta
1395 1685 1579 1731 Scholia
1595 1685 1720 1742 prius
1739 1700 1763 1728 a

115 1765 168 1807 R.
197 1767 249 1809 P.
276 1767 490 1811 Generali
514 1775 559 1812 et
576 1784 602 1812 a
618 1768 870 1825 designatis
888 1768 943 1811 ad
961 1782 1118 1811 eorum
1137 1764 1464 1822 inspectionem
1487 1763 1759 1815 examinata,

115 1844 490 1899 amplecteremur
511 1862 592 1903 pro
615 1847 864 1890 directione
887 1852 1080 1898 tantum,
1112 1852 1157 1888 et
1186 1843 1284 1887 sine
1317 1843 1407 1886 ulla
1436 1840 1759 1898 obligatione.»

116 1921 251 1965 Decr.
294 1925 674 1980 42.-—Exemplar
710 1926 1025 1980 archetypum,
1066 1924 1123 1966 ab
1161 1936 1253 1965 uno
1291 1921 1546 1976 eodemque
1582 1917 1764 1961 librario

118 2006 263 2042 totum
301 2009 551 2055 exaratum,
584 2003 663 2046 sed
692 2002 846 2045 multis
875 2001 1183 2046 additionibus
1211 2007 1257 2043 et
1285 1996 1679 2044 emendationibus
1708 1997 1764 2040 ab

116 2077 213 2133 ipso
236 2086 422 2123 auctore
449 2079 492 2123 in
523 2079 717 2137 singulis
746 2082 839 2124 fere
868 2079 1046 2137 paginis
1075 2077 1365 2135 castigatum.
1397 2077 1590 2120 Duabus
1622 2073 1763 2131 parti—

116 2155 202 2199 bus
224 2164 423 2201 constat:
450 2158 571 2215 prior
592 2158 796 2202 continet
825 2157 999 2202 scholia
1027 2157 1073 2200 in
1102 2170 1292 2200 examen
1321 2163 1366 2199 et
1394 2152 1759 2198 constitutiones:

116 2234 164 2275 ff.
197 2246 332 2292 1-149
354 2250 399 2278 v,
426 2236 585 2279 Altera
607 2235 810 2280 continet
833 2235 1005 2280 scholia
1034 2235 1080 2277 in
1109 2233 1437 2279 declarationes
1467 2230 1686 2276 examinis
1718 2238 1763 2273 et

116 2310 514 2356 constitutionum:
540 2315 587 2357 ff.
621 2315 830 2370 158-244.
860 2315 952 2359 Ult.
982 2314 1013 2357 f.
1042 2326 1128 2368 244
1156 2327 1248 2355 non
1277 2311 1529 2367 sign.—1.a
1558 2324 1662 2366 pars
1690 2308 1762 2351 in-

115 2388 244 2445 cipit:
276 2408 291 2429 (ι
305 2390 374 2434 ihs
402 2390 407 2448 Ι
436 2392 486 2434 In
508 2391 703 2448 primum
726 2399 862 2449 caput
879 2391 1098 2436 examinis
1127 2390 1132 2448 Ι
1161 2389 1439 2433 scholia—1.
1461 2389 1607 2430 Finis.
1638 2386 1761 2430 Huic

115 2466 193 2508 fini
231 2468 450 2525 coniungi
482 2468 863 2526 intelligimus...»
897 2468 1207 2513 Terminatur:
1245 2481 1386 2523 «quae
1414 2464 1586 2522 regulis
1615 2463 1762 2507 conti—

115 2551 297 2598 nentur,
323 2561 403 2589 eae
425 2546 544 2589 enim
568 2547 716 2591 solent
737 2547 783 2591 in
800 2547 1010 2591 domibus
1028 2554 1073 2591 et
1090 2545 1294 2602 collegiis
1312 2543 1506 2600 singulis
1528 2541 1763 2585 mensibus

114 2621 204 2677 legi
237 2623 622 2678 publice—Finis
652 2625 925 2668 scholiorum
954 2625 1002 2667 in
1030 2622 1584 2667 constitutiones—Laus
1613 2621 1757 2663 Deo.»

113 2700 235 2743 Inter
264 2713 367 2744 Lam
399 2710 444 2745 et
469 2713 577 2744 2511111
607 2710 796 2759 partem,
837 2705 884 2746 ff.
934 2704 1129 2759 146-149
1168 2717 1212 2744 v.
1246 2708 1315 2744 est
1347 2698 1573 2756 appendix
1613 2696 1762 2740 Patris

114 2778 275 2831 Nadal,
302 2780 358 2822 ab
381 2780 538 2823 eodem
563 2780 827 2824 amanuensi
850 2780 1034 2837 scripta,
1060 2780 1116 2822 de
1141 2778 1211 2833 iis,
1238 2792 1355 2833 quae
1379 2777 1513 2832 jussu
1537 2774 1668 2818 Pauli
1698 2775 1759 2817 IV

114 2855 515 2899 constitutionibus
553 2857 706 2901 addita
735 2860 934 2901 fuerunt.
969 2857 1150 2900 Titulus
1179 2855 1308 2898 initio
1337 2855 1414 2897 fol.
1454 2854 1558 2907 146:
1604 2852 1761 2908 «Quae

112 2932 243 2976 iussit
262 2934 447 2977 Paulus.
469 2947 512 2988 4.
534 2935 615 2977 ad-
642 2934 648 2993 Ι
677 2935 812 2978 scribi
828 2930 1532 2987 Constitutionibus.»—Incipit:
1552 2930 1760 2973 «Octauo

114 3010 187 3055 die
218 3010 500 3067 septembris.
550 3013 674 3067 1558.
706 3012 888 3056 nomine
916 3011 1013 3056 s.mi
1043 3011 1136 3055 dni.
1175 3010 1318 3054 nostri
1353 3008 1484 3052 Pauli
1517 3021 1674 3064 papae.
1713 3018 1755 3059 4.
