2038 3313
290 212 366 255 362
878 221 1016 255 EPIST.
1045 220 1090 255 P.
1126 219 1375 265 NADAL—-98

292 321 377 365 ciis
399 328 446 367 et
467 320 565 365 aliis
588 321 868 378 ubicumque
890 321 1029 377 aliqui
1058 322 1115 367 de
1145 321 1375 366 Societate
1403 327 1559 364 nostra
1585 327 1848 375 versantur,
1875 322 1952 366 uel

291 397 481 454 aliquid,
508 399 629 455 quod
650 400 708 442 ad
730 398 1006 444 Societatem
1029 405 1231 442 nostram
1249 404 1441 455 spectet,
1463 397 1539 454 agi
1556 397 1714 454 possit,
1736 398 1950 442 commis-

293 475 467 520 sarium
489 477 750 532 generalem
772 490 877 520 cum
900 475 1022 519 omni
1045 482 1200 519 nostra
1222 475 1521 529 authoritate,
1555 490 1691 531 quam
1719 490 1800 532 per
1827 475 1954 520 sedis

292 552 570 610 apostolicae
593 553 935 598 concessionem
958 552 1297 597 communicare
1318 566 1579 608 possumus,
1605 552 1949 606 constituendo,

292 630 523 683 omnibus,
551 630 628 686 qui
651 632 737 674 sub
759 638 915 674 nostra
937 637 983 675 et
1012 629 1255 675 Societatis
1283 629 1544 674 obedientia
1571 629 1755 684 uiuunt,
1788 629 1869 673 tibi
1897 637 1951 673 ut

294 714 502 764 pareant,
526 707 716 764 perinde
732 715 869 763 atque
886 707 1036 760 nobis⁷
1054 706 1355 763 iniungimus.
1377 708 1435 750 Et
1451 721 1544 749 non
1561 707 1711 750 solum
1729 712 1781 749 ut
1796 714 1951 751 recto-

293 800 369 829 res
391 799 444 828 ac
466 785 762 842 particulares
784 784 1082 842 praepositos,
1108 785 1190 829 sed
1212 784 1348 829 etiam
1370 783 1677 841 prouinciales
1693 783 1741 826 in
1758 783 1977 840 quibus-‚-

296 861 368 905 uis
390 862 611 919 collegiis,
636 862 847 906 domibus
870 869 915 907 et
942 861 1190 924 prouinciis
1220 861 1502 906 constituere
1530 868 1576 906 et
1603 875 1862 914 remouere,
1898 875 1955 903 ac

294 953 455 983 eorum
480 939 743 984 facultatem
765 939 1044 995 restringere
1066 939 1141 983 uel
1163 953 1336 995 augere
1353 938 1515 995 possis,
1537 945 1672 995 prout
1688 937 1736 980 in
1752 937 1956 981 Domino

299 1015 514 1072 expedire
535 1013 773 1069 iudicabis,
800 1016 986 1072 quasuis
1009 1016 1146 1061 etiam
1169 1016 1354 1073 regulas
1377 1023 1423 1060 et
1445 1015 1803 1060 consuetudines
1824 1014 1956 1058 iuxta

298 1092 678 1137 constitutionum
702 1109 886 1138 sensum
910 1108 963 1137 ac
984 1101 1185 1138 mentem
1207 1101 1409 1136 nostram
1427 1093 1531 1150 (qua
1548 1092 1595 1135 in
1612 1108 1662 1137 re
1678 1092 1952 1149 interpreta-

299 1169 413 1213 tioni
436 1177 542 1215 tuae
564 1171 623 1214 sit
644 1171 872 1229 standum)
896 1172 1258 1224 accommodare,
1279 1178 1326 1216 et
1341 1171 1526 1215 demum
1542 1169 1694 1214 omnia
1711 1170 1813 1224 alia,
1833 1184 1955 1226 quae

297 1247 337 1291 si
359 1262 444 1291 nos
472 1256 736 1305 praesentes
765 1264 993 1302 essemus,
1023 1250 1204 1294 efficere
1231 1263 1491 1305 possemus,
1522 1255 1574 1291 ut
1599 1247 1742 1293 libere
1770 1248 1955 1293 efficere

297 1324 446 1381 possis
468 1325 514 1368 in
536 1325 719 1370 nomine
743 1325 891 1370 Patris
914 1333 960 1371 et
982 1325 1084 1370 Filii
1107 1333 1152 1371 et
1181 1326 1377 1382 Spiritus
1406 1324 1564 1370 Sancti
1592 1324 1873 1370 conferimus
1905 1332 1953 1369 et

296 1402 562 1459 elargimur,
587 1418 640 1447 ac
662 1403 748 1449 Dei
771 1403 1040 1460 sapientiam
1063 1410 1108 1448 et
1131 1403 1399 1457 bonitatem,
1420 1410 1471 1446 ut
1488 1410 1533 1447 te
1550 1402 1594 1445 in
1615 1402 1828 1446 omnibus
1844 1401 1954 1451 illu,-

291 1485 443 1524 strare
467 1494 520 1523 ac
541 1480 739 1538 dirigere
761 1481 994 1538 dignetur,
1019 1495 1273 1538 precamur.
1300 1482 1471 1524 Datum
1494 1482 1665 1524 Romae
1685 1479 1733 1522 in
1762 1479 1957 1524 aedibus

298 1556 542 1601 Societatis
558 1560 686 1615 Jesu,
712 1558 786 1603 die
808 1559 871 1602 VI
899 1557 1176 1602 Nouembris
1197 1559 1260 1601 M.
1286 1559 1345 1601 D.
1372 1558 1472 1601 LX.

389 1636 431 1677 A
454 1638 599 1692 tergo:
622 1638 816 1680 Patente
838 1651 919 1692 per
947 1635 1142 1680 Com.ri0
1160 1669 1169 1680 .

390 1711 582 1755 Iterum:
604 1714 800 1758 Patente
820 1728 901 1770 per
923 1712 1224 1757 Commisario
1250 1732 1301 1750 z
1324 1723 1396 1767 55.

297 1848 467 1884 hermita
484 1849 533 1884 de
552 1850 626 1885 N.a
641 1849 708 1885 S.a
722 1850 771 1885 de
789 1851 848 1885 los
866 1849 1095 1894 Remedios,
1115 1861 1206 1885 creo
1224 1861 1274 1884 no
1293 1849 1400 1884 tiene
1418 1860 1494 1895 que
1513 1854 1652 1884 temer.
1669 1848 1745 1884 Por
1759 1849 1827 1883 aea
1845 1859 1888 1883 se
1902 1848 1954 1883 ha

298 1909 425 1944 hecho
444 1910 586 1954 alguna
603 1909 828 1956 diligencia,
847 1922 873 1957 y
893 1922 935 1945 se
953 1911 1046 1945 hara
1063 1911 1101 1946 lo
1118 1921 1194 1956 que
1213 1912 1295 1944 mas
1320 1909 1562 1944 conuiniere.

372 1969 421 2003 Al
440 1969 608 2015 collegio
626 1969 675 2004 de
694 1970 842 2005 Seuilla
860 1970 974 2005 hauia
992 1969 1166 2017 pensado
1184 1974 1346 2004 nuestro
1363 1968 1489 2004 Padre
1507 1967 1677 2015 applicar
1691 1979 1743 2002 un
1757 1966 1954 2003 beneficio

297 2039 375 2074 que
394 2026 458 2063 fue
477 2028 540 2063 del
559 2029 626 2064 Re
645 2029 868 2065 Christobal
887 2029 936 2065 de
954 2029 1159 2075 Mendoca3
1179 2041 1262 2064 mas
1279 2029 1450 2075 despues
1465 2040 1507 2063 se
1521 2029 1599 2063 han
1614 2027 1826 2062 entendido
1841 2028 1953 2072 algu-

297 2099 367 2123 nas
385 2099 497 2123 cosas
515 2088 564 2124 de
582 2090 641 2124 los
660 2089 839 2124 sobrinos
857 2089 920 2124 del
939 2089 1054 2125 dicho
1072 2089 1212 2135 Padre,
1231 2101 1257 2135 y
1276 2090 1354 2123 assi
1372 2100 1463 2123 creo
1482 2090 1568 2123 sera
1586 2086 1810 2123 necessario
1827 2085 1949 2122 dexar

297 2149 335 2182 el
355 2148 549 2183 beneficio
567 2151 589 2183 a
606 2160 684 2184 uno
702 2149 841 2194 dellos,
861 2152 882 2184 a
900 2151 938 2184 lo
956 2161 1092 2184 menos
1111 2160 1180 2196 por
1198 2160 1265 2183 sus
1284 2148 1383 2190 dias,
1403 2160 1429 2195 y
1447 2159 1497 2183 no
1515 2159 1558 2183 se
1576 2149 1689 2182 usara
1707 2147 1756 2181 de
1780 2157 1857 2181 una
1882 2148 1950 2192 po—

298 2206 375 2241 liza
399 2207 449 2242 de
473 2207 625 2243 cambio
651 2220 727 2255 que
751 2210 826 2243 han
851 2208 1052 2255 embiado‚
1078 2208 1112 2243 si
1135 2219 1184 2243 no
1207 2207 1319 2243 fuese
1343 2219 1436 2254 para
1459 2207 1604 2254 aplicar
1631 2207 1667 2242 el
1692 2204 1885 2241 beneficio
1912 2206 1951 2240 al

297 2266 413 2301 dicho
431 2267 636 2313 collegio.»
655 2269 714 2303 Ex
731 2268 967 2314 supradictis
985 2269 1179 2316 Regesti3‚
1200 2279 1318 2315 pagg.
1340 2276 1424 2313 250,
1444 2275 1528 2311 251.
