2038 3313
315 191 384 224 vm
886 187 1133 223 PRAEFATJO
1157 183 1392 222 GENERALIS

309 284 514 347 jungens
533 297 587 333 ut
612 297 815 344 notaret,
850 304 966 345 quae
995 289 1041 331 in
1069 295 1267 332 mentem
1296 288 1527 342 venirent,
1559 303 1649 344 quo
1678 304 1866 333 munere
1888 304 1961 332 sa-

316 362 492 424 pienter
514 375 559 412 et
581 383 748 425 magna
770 367 1007 424 diligentia
1030 368 1214 410 functus
1237 373 1321 409 est.
1347 368 1397 409 In
1420 366 1618 426 Siciliam
1640 382 1867 420 reversus,
1886 367 1963 411 vix

316 456 408 489 uno
430 445 492 488 ibi
521 456 639 489 anno
668 460 874 497 emenso,
907 447 1095 488 Romam
1123 444 1275 487 denuo
1303 444 1548 488 accersitur
1571 446 1627 488 ab
1656 445 1855 502 Ignatio,
1887 444 1961 488 cui

315 530 475 567 auctor
498 523 583 566 fuit
607 526 660 566 Ρ.
688 524 834 566 Nadal
863 530 913 565 ut
940 521 1060 565 vitae
1088 537 1198 565 suae
1227 528 1272 565 et
1298 522 1553 566 vocationis
1581 523 1761 567 divinae
1788 538 1961 567 memo-

316 601 424 645 riale
447 600 664 645 Societati
687 600 978 656 relinqueret3
1004 602 1091 643 hoc
1113 607 1282 653 autem,
1310 601 1432 655 quod
1454 600 1635 657 saepius
1658 617 1683 644 a
1711 602 1859 644 Nadal
1881 616 1961 645 ex-

318 673 507 735 petitum
540 693 717 734 semper
755 677 994 721 distulerat
1022 677 1245 734 Ignatius,
1282 685 1391 721 tunc
1419 678 1617 734 denique
1647 678 1732 735 ipsi
1760 686 1804 721 et
1833 680 1963 723 Gonu

316 757 485 812 calves,
526 756 732 799 oratione
768 756 1031 813 praemissa,
1072 755 1404 812 indulgendum
1443 755 1718 799 existimavit
1760 758 1788 799 ¹.
1820 757 1967 800 Nadal

315 848 440 886 vero,
462 833 712 890 Hispaniae
734 833 1070 877 commissarius
1093 832 1321 890 generalis
1343 833 1646 888 renuntiatus,
1667 834 1723 877 ad
1745 848 1843 877 eam
1860 833 1966 876 mit—

319 911 448 965 titur3
481 917 532 953 ut
562 910 624 953 ibi
647 911 996 954 constitutiones
1029 911 1355 967 promulgaret,
1381 925 1453 953 res
1476 911 1739 955 Lusitaniae
1761 911 1966 955 nonnihil

318 989 605 1045 perturbatas
628 995 935 1045 componeret,
963 1003 1081 1043 quae
1104 987 1286 1043 quidem
1310 1003 1486 1031 summa
1522 988 1743 1032 industria
1782 996 1827 1032 et
1864 988 1965 1032 feli-

316 1066 498 1110 cissimo
534 1073 705 1110 eventu
732 1065 937 1123 perfecit.
969 1067 1073 1109 Non
1111 1067 1257 1110 solum
1294 1066 1671 1110 constitutionum
1710 1066 1962 1123 genuinum

315 1145 523 1201 spiritum
546 1145 633 1188 illis
655 1144 900 1201 provinciis
923 1144 1187 1198 declaravit,
1212 1146 1293 1188 sed
1315 1144 1522 1202 singulos
1545 1145 1784 1198 allocutus,
1811 1152 1857 1188 et
1877 1145 1962 1187 mi-

317 1223 443 1267 rifice
464 1224 725 1266 consolatus
748 1230 832 1275 est,
866 1222 1160 1265 domesticam
1190 1222 1491 1279 disciplinam,
1517 1223 1684 1275 studia,
1710 1222 1962 1266 animorum

315 1301 684 1357 conjunctionem
714 1300 883 1356 ubique
912 1300 1156 1356 promovit,
1187 1300 1430 1345 Societatis
1457 1315 1623 1344 nomen
1653 1300 1960 1357 amplificavit,

315 1381 499 1422 domum
522 1379 832 1435 professorum
856 1377 1131 1434 Ulyssipone
1152 1378 1311 1430 erexit,
1333 1377 1526 1434 collegia
1543 1378 1724 1435 optimis
1741 1378 1965 1421 constitu-

315 1457 530 1510 tionibus,
556 1456 756 1509 monitis,
784 1456 1005 1500 reditibus
1027 1456 1170 1509 auxit,
1201 1457 1386 1499 domum
1410 1455 1692 1512 probationis
1714 1463 1965 1513 separatam

319 1535 511 1587 institui,
538 1542 583 1578 et
605 1534 803 1578 ordinari
832 1534 1009 1577 curavit
1033 1536 1045 1592 (
1054 1545 1102 1589 15
1109 1545 1132 1589 5
1140 1535 1195 1591 3).

377 1624 381 1626 ‘
405 1614 514 1656 Inde
542 1612 589 1655 in
618 1612 888 1669 Hispaniam
917 1627 1148 1665 reversus,
1183 1612 1260 1655 ubi
1288 1611 1413 1655 varia
1441 1612 1633 1669 collegia
1671 1612 1963 1664 instituenda,

314 1704 454 1735 novas
477 1690 734 1747 provincias
756 1691 976 1734 creandas
998 1689 1176 1747 Ignatio
1199 1690 1447 1746 proposuit,
1474 1697 1519 1733 et
1540 1689 1681 1746 ipsius
1699 1689 1968 1733 auctoritate

315 1769 501 1822 creavit,
527 1768 878 1812 constitutiones
901 1775 946 1811 et
969 1769 1151 1825 regulas
1174 1767 1221 1810 in
1243 1766 1447 1824 collegiis
1476 1767 1739 1821 declaravit,
1772 1767 1967 1824 collegio

315 1861 500 1890 romano
523 1846 756 1903 suppetias
780 1853 875 1889 tum
904 1846 1162 1898 hominum,
1197 1854 1292 1889 tum
1324 1845 1619 1902 pecuniarum
1652 1846 1834 1888 abunde
1862 1861 1966 1902 pro-

315 1924 514 1969 curavit:
546 1924 866 1968 exercitiorum
897 1924 1060 1967 librum
1091 1923 1254 1967 acriter
1277 1923 1548 1980 impetitum,
1582 1938 1670 1978 qua
1693 1923 1852 1980 gestis,
1879 1938 1969 1979 qua

319 2002 498 2059 scriptis
522 2002 711 2046 feliciter
732 2001 981 2045 vindicavit
1004 2003 1166 2059 (1554).

406 2082 457 2123 In
482 2081 640 2123 urbem
663 2080 807 2123 redux
830 2093 911 2136 per
933 2087 1204 2123 autumnum
1228 2080 1335 2122 anni
1360 2090 1486 2134 1554,
1508 2094 1611 2122 cum
1630 2078 1835 2135 Ignatius
1856 2079 1970 2122 assi-
2023 2122 2025 2125 .

322 2158 423 2201 duis
446 2158 614 2201 morbis
638 2157 993 2209 conflictaretur,
1020 2156 1082 2200 ita
1106 2163 1155 2199 ut
1173 2157 1449 2201 Societatem
1468 2171 1606 2213 aegre
1623 2157 1865 2200 admodum
1889 2157 1971 2199 ad-

319 2235 576 2279 ministrare
596 2242 766 2292 posset,
792 2250 896 2278 eum
920 2250 975 2277 ex
998 2233 1187 2277 consilio
1210 2242 1255 2277 et
1277 2234 1395 2277 votis
1417 2233 1619 2278 omnium
1644 2235 1737 2277 fere
1759 2234 1968 2276 sacerdo-

320 2321 417 2356 tum
440 2319 622 2356 nostrae
645 2312 886 2357 Societatis
909 2314 1080 2355 Romae
1102 2312 1390 2368 degentium,
1417 2312 1591 2356 socium
1621 2311 1706 2354 sibi
1734 2311 1779 2353 in
1812 2326 1865 2355 ea
1898 2326 1969 2354 re—

324 2393 476 2449 genda
498 2391 704 2434 adscivit.

408 2470 599 2511 Ineunte
616 2483 735 2511 anno
761 2478 886 2523 1555,
910 2470 1003 2511 ΡΡ.
1026 2468 1193 2511 Lainez
1212 2475 1257 2511 et
1275 2469 1421 2511 Nadal
1439 2469 1496 2511 ad
1513 2467 1695 2511 comitia
1712 2474 1970 2524 augustana

316 2561 421 2590 cum
445 2547 599 2602 legato
623 2545 743 2589 sedis
766 2545 1056 2601 apostolicae,
1077 2547 1254 2602 Joanne
1277 2548 1461 2597 Moron,
1494 2560 1519 2587 a
1541 2544 1665 2603 Julio
1694 2546 1752 2587 ΙΙΙ
1780 2544 1970 2587 mittun—

321 2632 409 2667 tur.
437 2624 527 2668 Sed
552 2630 731 2666 mortuo
754 2622 984 2678 pontifice,
1011 2630 1056 2665 et
1078 2622 1245 2666 Lainez
1268 2622 1315 2665 in
1338 2623 1509 2665 ltaliam
1534 2623 1768 2674 redeunte,
1796 2624 1849 2665 Ρ.
1876 2623 1971 2665 Na—

320 2702 394 2745 dal
425 2701 640 2757 Dilingae
663 2707 708 2744 et
730 2699 958 2752 Viennae,
985 2699 1031 2742 in
1054 2700 1216 2743 studiis
1239 2700 1579 2755 promovendis,
1607 2699 1652 2741 in
1682 2700 1877 2742 fovenda
1901 2714 1972 2742 re—

324 2778 489 2835 ligiosa
510 2777 762 2833 disciplina,
790 2776 835 2818 in
858 2776 1098 2820 haereticis
1126 2776 1423 2828 insectandis,
1450 2776 1600 2819 animo
1630 2791 1807 2832 semper
1836 2776 1972 2820 alacri

320 2863 365 2900 et
395 2856 639 2907 indefesso,
674 2854 827 2897 utilem
867 2869 1047 2910 operam
1087 2854 1339 2897 collocavit.
1384 2853 1590 2911 Collegia
1627 2853 1780 2897 Italiae
1808 2854 1970 2898 deinde

395 3029 401 3047 ¹
458 3024 556 3060 Vide
579 3023 692 3070 infra,
713 3024 912 3071 JIMENEZ,
935 3022 1171 3064 Commeat„
1192 3034 1230 3057 n.
1256 3030 1310 3067 19,
