2038 3313
862 176 1065 222 1545-1546
1744 177 1786 213 13

229 293 299 334 34.
367 281 474 335 Quo
502 279 575 322 die
604 286 832 335 postremo
862 278 967 321 veni
997 279 1053 320 ad
1083 279 1296 330 chorum,
1323 277 1546 321 inchoatis
1575 280 1787 321 solemni—

138 358 224 399 bus
252 357 476 413 vesperis,
508 357 661 399 nullus
689 357 823 412 plane
852 355 962 397 mihi
991 355 1139 410 patuit
1168 354 1327 412 [locus]
1357 354 1403 396 in
1435 369 1649 410 supremo
1676 370 1781 398 con—

139 448 284 486 sessu,
321 433 407 476 nisi
441 449 577 490 quem
609 432 811 476 deseruit
845 447 964 474 Vnus
997 447 1053 475 ex
1086 431 1378 474 inferioribus
1407 431 1684 487 presbyteris
1718 433 1790 473 vl-

141 510 301 553 timum
332 513 359 554 ¹.
1127 502 1129 504 ’

232 599 302 643 35.
370 588 601 644 Nauigaui
626 587 960 631 Barchinonam
984 588 1125 640 solus,
1152 586 1311 629 relicta
1333 601 1443 629 cura
1465 585 1529 629 rei
1559 586 1792 629 familiaris

140 666 374 721 Stephano
399 665 524 708 fratri
546 666 632 708 sub
654 679 764 708 cura
786 663 1003 706 auunculi
1026 663 1185 707 Morei.

882 860 1035 898 ROMA

821 1000 959 1027 IULIUS
987 993 1098 1027 1545

231 1132 300 1185 36.
371 1130 601 1186 Nauigaui
627 1143 651 1172 2
676 1130 777 1172 Iulii
800 1130 905 1172 anni
947 1141 1055 1184 1545
1078 1130 1411 1173 Barchinonam
1432 1131 1446 1151 ‘²
1471 1131 1611 1173 solus.
1640 1132 1792 1187 Expe—

138 1208 261 1251 ctaui
285 1209 341 1250 ad
365 1208 668 1252 Settembrem
694 1207 841 1250 socios
863 1206 1058 1249 itineris:
1085 1206 1251 1250 deueni
1270 1209 1459 1250 Romam
1483 1221 1535 1250 Io
1554 1207 1788 1261 Octobris,

138 1300 228 1341 quo
251 1285 324 1328 die
346 1285 663 1327 celebrabatur
685 1284 919 1327 coronatio
944 1283 1074 1327 Pauli
1099 1284 1155 1339 31.

229 1374 300 1417 37.
368 1364 509 1404 Recta
531 1369 580 1403 vt
604 1376 868 1416 quaererem
893 1361 1224 1416 Hieronymum
1248 1361 1471 1404 Domenic
1496 1363 1532 1404 ⁵:
1558 1361 1633 1404 hic
1662 1361 1793 1404 duxit

101 1476 104 1477 γ
137 1454 210 1483 me
232 1441 289 1482 ad
315 1441 367 1482 P.
394 1439 639 1495 Ignatium,
666 1439 743 1494 qui
766 1439 1083 1482 reuertebatur
1105 1454 1160 1481 ex
1183 1438 1458 1482 monasterio
1482 1440 1530 1483 S.
1564 1441 1789 1491 Marthae,

138 1516 212 1560 cui
234 1516 347 1559 dixit
370 1531 442 1559 me
464 1516 606 1572 ipsius
628 1516 774 1572 gratia
795 1515 993 1567 venisse,
1019 1516 1140 1570 quod
1163 1515 1272 1557 mihi
1290 1515 1536 1572 displicuit,
1558 1523 1603 1559 et
1620 1516 1666 1558 id
1683 1531 1793 1572 prae

136 1609 209 1637 me
233 1594 331 1637 tuli.
360 1593 498 1637 Visus
529 1593 614 1636 fuit
642 1593 803 1637 leuiter
832 1600 982 1636 motus
1011 1593 1240 1649 Ignatius:
1278 1600 1453 1636 tantum
1483 1594 1661 1650 optauit
1690 1594 1791 1637 feli—

137 1686 234 1715 cem
259 1673 523 1714 aduentum.

229 1750 299 1804 38.
368 1748 620 1792 Confestim
645 1748 719 1790 hic
741 1749 889 1790 bonus
914 1750 1050 1790 Pater
1077 1750 1384 1801 Domenecus,
1411 1749 1658 1804 assumptis
1686 1750 1790 1792 An-

138 1826 289 1878 toniis,
322 1826 483 1879 Rione,
514 1834 560 1869 et
590 1827 645 1869 de
675 1827 772 1870 8.ῒᾶ
807 1827 1003 1877 Martha,
1037 1840 1215 1868 mecum
1246 1826 1302 1868 ad
1330 1826 1578 1882 hospitium
1610 1825 1785 1883 [venit]‚

136 1911 186 1945 vt
214 1905 386 1946 mulum
418 1912 463 1946 et
492 1903 782 1955 sarcinulam,
816 1918 951 1958 quam
980 1902 1273 1957 reliqueram,
1314 1903 1641 1959 reciperemus;
1684 1903 1791 1946 inde

135 1982 319 2023 domum
360 1981 555 2037 Philippi
595 1981 773 2024 Cassini
803 1988 852 2022 vt
880 1995 974 2032 me,
1008 1987 1251 2035 antequam
1280 1981 1420 2023 solem
1462 1983 1630 2023 Romae
1659 1981 1790 2024 vide—

135 2107 208 2141 hoc
227 2106 341 2141 modo
373 2106 623 2153 interpretari
650 2106 777 2141 malit:
807 2109 851 2141 ut
873 2107 1051 2153 pecnnia
1073 2107 1347 2152 pecuniarum
1374 2106 1445 2149 (sic
1473 2107 1578 2141 enim
1605 2106 1788 2147 fortasse,

135 2168 258 2213 possit
276 2166 462 2213 appellari
480 2168 676 2213 collybus)
695 2179 850 2213 magna
869 2167 970 2201 rmilli
987 2167 1214 2211 quantitate
1232 2178 1302 2201 seu
1320 2167 1434 2213 copia
1453 2169 1692 2213 suppeteret.
1710 2166 1788 2202 Sed

134 2227 295 2261 credere
315 2227 494 2261 malimus
512 2232 712 2262 auctorem
735 2226 927 2262 Clzronici
945 2226 1110 2261 oblitum
1136 2225 1259 2261 fuisse
1285 2226 1528 2261 cancellandi
1553 2227 1789 2261 vocabulum

130 2287 320 2332 pecunia,
342 2286 404 2320 cui
423 2287 629 2321 substituit
642 2288 930 2333 pecuniarum.

212 2348 219 2367 ¹
273 2347 316 2380 In
347 2346 434 2381 cod.
463 2358 594 2393 supra,
615 2360 653 2381 n.
679 2347 734 2390 18,
754 2352 886 2381 annot.
908 2345 943 2389 3,
970 2345 1104 2389 citato,
1131 2345 1198 2380 fol.
1226 2345 1309 2390 278,
1330 2347 1427 2380 haec
1451 2346 1499 2380 de
1525 2347 1616 2380 D.re
1646 2346 1785 2380 Nadal:

137 2405 235 2440 «Die
250 2405 331 2451 xiiij
349 2407 493 2441 mensis
513 2407 634 2452 Junii,
651 2418 752 2441 anno
768 2407 1048 2441 MDXXXXV.
1065 2405 1283 2442 Conuocati
1298 2405 1337 2440 in
1352 2405 1538 2452 capitulo,
1556 2405 1648 2440 Dni.
1670 2407 1787 2442 Fran>

135 2464 262 2499 ciscus
282 2465 367 2506 Mir,
395 2466 564 2500 vicarius
589 2466 592 2512 Ι
615 2466 910 2501 archidiaconus
935 2466 939 2511 Ι
962 2465 1125 2500 sacrista
1149 2465 1153 2510 Ι
1176 2471 1407 2511 praecentor
1431 2465 1435 2510 Ι
1458 2465 1628 2511 P[achs].
1654 2465 1658 2511 Ι
1681 2465 1789 2499 Milia

155 2523 159 2569 Ι
183 2525 352 2559 Abrines
377 2525 381 2571 Ι
404 2527 534 2560 Bert.0
559 2528 564 2569 Ι
586 2526 706 2561 Sanct
724 2527 822 2571 Joan
846 2526 850 2571 Ι
874 2525 1115 2572 Campfullos
1140 2525 1143 2570 Ι
1167 2524 1367 2559 Soldeuila
1390 2524 1394 2570 Ι
1419 2524 1625 2570 Vilalonga
1649 2525 1652 2570 Ι
1676 2525 1787 2559 Isern

155 2583 160 2628 Ι
183 2583 283 2619 Gua]
309 2583 312 2629 Ι
336 2584 455 2619 Sanct
474 2586 563 2630 Just
586 2585 590 2631 Ι
613 2586 705 2628 Net,
726 2590 766 2619 et
786 2586 846 2630 Jo.
869 2585 942 2619 Mir
965 2585 969 2630 Ι

205 2703 319 2746 Item,
339 2703 519 2738 fecerunt
536 2704 702 2749 gratiam
721 2704 814 2738 Β.όο
840 2703 1083 2749 Hieronymo
1103 2703 1242 2746 Nadal,
1269 2714 1378 2737 sacre
1398 2702 1539 2748 pagine
1559 2701 1786 2747 professori,

134 2760 284 2795 volenti
303 2762 497 2807 proficisci
515 2763 564 2797 ad
588 2763 811 2806 concilium,
837 2763 955 2809 quod,
980 2763 1146 2797 durante
1171 2761 1256 2807 ejus
1283 2761 1476 2805 absentia,
1503 2772 1581 2795 non
1606 2766 1790 2795 teneatur

135 2821 289 2855 soluere
307 2822 569 2868 quotidianas,
590 2823 772 2858 ocasione
792 2835 950 2858 suorum
970 2822 1291 2857 beneficiorum.»

206 2882 220 2901 ‘2
272 2881 498 2917 Barcelona.

161 2974 171 2978 -
206 2941 220 2960 ³
271 2940 354 2985 Sic;
376 2941 627 2977 scribendum
646 2948 777 2977 tamen
797 2948 857 2977 est
873 2941 1266 2977 Domeneclz.—Vide
1281 2940 1440 2986 insuper
1455 2939 1569 2983 infra,
1586 2940 1787 2984 JIMENEZ,

141 2998 377 3043 Commeat„
398 3014 436 3036 n.
461 3011 517 3047 14,
538 3002 605 3036 ubi
624 3003 737 3037 aliter
755 3003 851 3037 haec
871 3007 1113 3037 enarrantur.
