2038 3313
735 211 757 247 9
784 201 938 236 MARTu
966 200 1057 245 1562
1647 196 1716 241 665

70 306 220 361 ritate,
241 321 376 363 quam
394 303 652 361 accepimus
669 304 726 347 ab
744 304 988 347 admodum
1006 303 1119 346 Rdo.
1139 302 1185 344 in
1204 301 1389 344 Christo
1408 303 1544 344 Patre
1562 307 1718 343 nostro

72 389 207 430 Mtro.
235 385 398 428 Iacobo
416 386 614 439 Laynez,
641 381 896 438 praeposito
920 380 1124 437 generali
1145 379 1282 422 huius
1305 377 1562 430 Societatis,
1594 384 1639 421 et
1662 378 1719 422 de

71 464 169 507 eius
191 462 376 519 speciali
399 463 636 505 uoluntate
658 474 710 504 ac
728 458 1021 516 praescripto,
1041 456 1263 501 consultis
1280 455 1432 509 simul,
1453 471 1567 512 quos
1585 471 1720 512 opor-

72 541 173 594 tuit,
208 541 437 594 Patribus,
469 537 842 582 constituerimus
869 535 1149 592 prouinciam
1180 535 1422 587 Castellae,
1455 549 1544 589 qua
1572 533 1719 576 conti-

71 621 264 663 nebatur
287 619 486 663 Castella
510 624 644 660 uetus
666 631 718 659 ac
741 629 935 672 regnum
960 614 1228 666 toletanum,
1248 627 1353 655 cum
1371 612 1576 669 collegiis
1593 626 1720 654 mur—

71 698 200 742 ciano
222 704 268 741 et
297 695 575 754 placentino,
608 702 791 751 propter
819 693 917 737 eius
946 691 1326 748 magnitudinem,
1360 698 1410 734 ut
1438 690 1720 734 commodius

69 783 115 820 et
140 775 294 819 utilius
317 773 564 832 gubernari
586 772 744 830 possit,
770 771 817 814 in
839 772 952 814 duas
974 768 1234 827 prouincias
1263 768 1484 822 diuidere,
1518 768 1564 811 in
1583 783 1719 811 unam

68 853 242 898 scilicet
264 853 492 897 Castellae
510 850 695 903 ueteris,
716 857 760 894 et
778 849 910 893 aliam
928 847 1059 905 regni
1078 847 1281 899 toletani,
1304 861 1421 902 quae
1444 847 1720 902 complecta—

68 939 140 975 tur
163 931 407 988 collegium
425 929 709 973 murcianum
731 936 777 971 et
794 925 1120 984 placentinum,
1143 932 1279 981 atque
1297 924 1657 967 commissarium
1674 923 1721 966 in

70 1009 293 1065 Hispania
314 1015 360 1053 et
382 1008 508 1051 India
525 1022 679 1051 creare
698 1006 975 1063 generalem,
997 1018 1087 1059 quo
1105 1017 1293 1046 munere
1311 1001 1444 1045 Rdus
1468 1001 1514 1044 in
1537 1002 1721 1045 Christo

71 1090 122 1131 P.
150 1089 186 1131 F
190 1086 421 1130 ranciscus
444 1087 501 1130 de
525 1084 696 1141 Borgia
718 1081 1025 1127 benemeritus
1047 1088 1117 1124 est
1134 1088 1179 1125 et
1196 1081 1482 1137 perfunctus3
1509 1094 1645 1135 quem
1663 1080 1721 1122 ad

68 1181 117 1210 se
139 1179 344 1209 summus
367 1163 572 1220 pontifex
594 1162 711 1204 binis
733 1160 875 1205 literis
898 1159 1158 1216 apostolicis
1177 1158 1377 1210 uocauit,
1399 1164 1449 1201 ut
1466 1157 1564 1201 eius
1582 1172 1720 1213 opera

69 1244 115 1286 in
139 1244 275 1286 rebus
297 1241 588 1299 grauioribus
607 1246 828 1293 uteretur3
856 1246 906 1282 tu
929 1237 975 1280 in
997 1237 1155 1295 primis
1173 1238 1325 1294 (quern
1349 1235 1518 1279 scimus
1536 1236 1594 1279 de
1616 1250 1719 1278 mu-

68 1337 177 1366 nere
198 1319 491 1377 prouincialis
514 1319 654 1362 totius
677 1317 904 1361 Castellae
932 1318 1156 1360 hactenus
1184 1314 1514 1359 benemeritum
1538 1328 1591 1356 ac
1614 1328 1720 1370 per-

69 1399 292 1455 functum)
331 1396 584 1449 occurristi,
617 1396 691 1439 cui
719 1410 887 1439 munus
918 1397 1005 1438 hoc
1035 1392 1331 1437 commissarii
1364 1392 1717 1448 imponeremus,

67 1485 306 1535 propterea
329 1477 451 1532 quod
473 1475 550 1518 diu
568 1476 855 1530 multumque
876 1474 1066 1530 probata
1088 1471 1221 1515 nobis
1243 1471 1301 1514 sit
1324 1478 1462 1526 atque
1484 1476 1721 1526 perspecta

69 1564 172 1599 tuae
203 1555 322 1598 uitae
351 1553 606 1610 integritas,
643 1552 866 1605 doctrina,
898 1559 944 1595 et
972 1551 1018 1593 in
1047 1552 1182 1594 rebus
1212 1549 1428 1606 gerendis
1458 1547 1716 1604 prudentia,

68 1648 184 1689 quae
208 1639 277 1677 est
298 1632 345 1675 in
367 1632 551 1676 Christo
573 1633 700 1689 Jesu.
728 1632 793 1674 Te
816 1629 972 1686 igitur,
1002 1632 1137 1672 Pater
1161 1627 1338 1672 Antoni
1361 1629 1529 1681 Araoz,
1555 1627 1719 1669 autho-

69 1711 201 1755 ritate
224 1710 454 1767 praedicta
476 1708 834 1752 commissarium
853 1708 1113 1764 generalem
1138 1706 1277 1749 totius
1300 1703 1549 1762 Hispaniae
1578 1711 1624 1749 et
1645 1705 1720 1746 In-

70 1788 245 1832 diarum
264 1788 476 1844 eligimus
499 1794 544 1832 et
566 1786 885 1830 constituimus
908 1785 954 1828 in
977 1784 1160 1829 nomine
1183 1783 1332 1827 Patris
1355 1790 1401 1827 et
1428 1781 1530 1826 Filii
1553 1788 1598 1826 et
1615 1781 1721 1838 Spi-

69 1866 182 1909 ritus
205 1865 378 1910 Sancti.
406 1867 571 1909 Amen.
600 1867 846 1909 Precamur
871 1878 980 1908 uero
997 1862 1083 1907 Dei
1101 1861 1369 1919 sapientiam
1386 1867 1432 1904 et
1449 1859 1717 1911 bonitatem,

69 1951 119 1986 ut
143 1950 186 1987 te
208 1943 254 1987 in
292 1943 503 1986 omnibus
525 1943 750 1986 illustrare
788 1957 870 1985 sua
894 1940 1041 1998 gratia
1079 1952 1124 1985 et
1162 1940 1360 1996 dirigere
1396 1938 1630 1995 dignetur,
1664 1938 1721 1980 ad

69 2021 284 2064 maiorem
313 2036 422 2065 suae
452 2021 635 2065 diuinae
665 2020 915 2064 Maiestatis
938 2022 1157 2062 honorem
1186 2026 1232 2063 et
1263 2016 1471 2074 gloriam,
1503 2015 1720 2059 maiorem

69 2099 321 2142 animarum
341 2100 556 2152 fructum,
578 2106 623 2143 et
639 2098 776 2141 huius
794 2097 1007 2141 minimae
1026 2096 1267 2142 Societatis
1301 2093 1447 2138 maius
1463 2094 1720 2137 incremen-

78 2184 189 2220 tum.
217 2178 387 2220 Datum
411 2177 662 2233 Compluti,
688 2176 760 2220 die
783 2192 904 2219 nona
927 2175 1078 2219 Martii
1102 2175 1365 2218 MDLXII.0

417 2255 445 2312 †
479 2256 809 2299 HIERONYMUS
842 2256 1078 2306 NATALIS,
1115 2251 1471 2296 commissarius.
1509 2249 1538 2309 η’-

938 2313 967 2371 ἢ
