2038 3313
881 180 1085 225 1545-1546
1758 181 1803 218 23

153 297 280 326 meae
307 282 575 336 vocationis,
602 283 951 335 consolationes,
978 282 1297 336 constantiam;
1325 284 1545 339 rogabam
1575 290 1626 325 vt
1648 298 1805 326 omnes

152 360 259 403 boni
282 361 586 406 consulerent.
619 360 667 405 Si
696 375 804 404 vero
833 367 953 403 esset
982 359 1091 402 mihi
1120 359 1164 402 in
1195 362 1281 403 hac
1310 374 1358 403 re
1381 360 1618 412 molestus,
1654 361 1805 403 factu—

155 453 255 480 rum
277 444 327 479 vt
348 452 581 492 nunquam
605 439 662 480 ad
684 453 762 481 eos
791 437 1035 481 scriberem
1065 452 1148 480 nec
1178 438 1234 480 ad
1264 437 1470 493 patriam:
1505 446 1657 480 tamen
1685 452 1800 479 nuna

156 529 292 570 quam
316 515 409 558 fere
431 514 604 570 scripsi,
631 515 832 558 imitatus
856 517 909 558 Ρ.
942 514 1188 570 Ignatium,
1220 514 1298 570 qui
1329 513 1443 557 dixit
1470 513 1579 556 mihi
1610 528 1658 556 se
1686 528 1806 559 nune

154 607 291 647 quam
314 593 371 635 ad
393 592 584 648 patriam
607 592 856 648 scripsisse,
877 607 961 635 nec
980 593 1117 648 (quod
1134 607 1226 635 vno
1243 593 1384 636 verbo
1402 590 1641 648 potuisset,
1667 605 1805 647 roga-

156 681 229 712 tus
251 669 515 725 praesertim
538 685 564 712 a
591 670 709 713 duce
738 669 944 724 Naiarae)
974 669 1174 712 voluisse
1204 684 1383 721 curare,
1415 678 1465 712 vt
1493 668 1627 711 Vnica
1657 668 1805 724 neptis

155 746 474 790 honestissime
497 748 707 790 nuberet.

245 836 314 882 79.
383 825 589 881 Vrgebat
618 824 818 867 animum
854 839 1027 877 meum,
1060 826 1182 879 quod
1218 825 1496 881 possiderem
1528 838 1551 879 3
1583 824 1804 867 beneficia

152 901 460 946 ecclesiastica
482 909 528 945 et
550 910 784 958 paternam
807 902 1150 954 haereditatem,
1178 910 1225 945 vt
1247 910 1359 945 natu
1382 902 1621 945 maximus.

244 980 315 1022 80.
382 979 533 1022 Retuli
552 981 608 1021 ad
628 982 679 1022 P.
700 979 945 1036 Ignatium,
966 988 1014 1022 vt
1031 979 1139 1022 mihi
1157 980 1502 1036 praescriberet,
1524 979 1634 1034 quid
1658 993 1803 1023 essem

155 1057 374 1109 facturus,
402 1057 517 1100 velle
533 1071 605 1099 me
627 1056 904 1112 pauperibus
925 1056 1214 1110 distribuere,
1235 1072 1353 1112 quae
1374 1057 1614 1109 habebam,
1635 1056 1802 1108 omnia,

153 1142 199 1177 et
222 1149 362 1190 quum
385 1134 481 1190 ipse
503 1148 596 1177 rem
620 1134 851 1177 videretur
874 1135 1070 1189 differre,
1096 1135 1188 1177 dixi
1211 1135 1273 1177 illi
1296 1135 1579 1178 confidenter
1600 1149 1673 1177 me
1689 1135 1806 1177 velle

155 1211 336 1267 quidem
359 1211 445 1254 illis
468 1211 801 1268 impedimentis
823 1212 1019 1264 liberari,
1051 1227 1135 1256 nec
1164 1226 1297 1268 posse
1325 1213 1422 1255 sine
1445 1212 1542 1255 eius
1570 1213 1806 1255 voluntate

154 1296 200 1332 et
222 1289 499 1345 praescripto
521 1289 567 1331 id
590 1290 754 1333 facere:
787 1289 824 1332 si
847 1289 956 1345 quid
985 1289 1093 1332 mihi
1122 1289 1314 1333 retentio
1342 1291 1565 1332 bonorum
1601 1296 1801 1340 noceret,

153 1366 215 1408 illi
253 1366 525 1423 imputatum
568 1366 622 1408 iri
662 1369 688 1409 ¹.
724 1368 965 1410 Permotus
993 1374 1062 1409 est
1090 1368 1239 1409 bonus
1268 1368 1427 1418 Pater,
1461 1374 1507 1409 et
1536 1366 1650 1408 dixit
1680 1373 1728 1408 vt
1758 1365 1804 1407 in

152 1458 206 1487 ea
242 1458 291 1488 re
328 1445 539 1496 facerem,
572 1445 694 1499 quod
725 1443 834 1486 mihi
863 1444 1154 1486 consulerent
1183 1445 1241 1487 D.
1274 1444 1452 1499 Gaspar
1482 1445 1539 1486 de
1567 1442 1715 1495 Dotis,
1758 1451 1803 1486 et

151 1524 208 1565 D.
242 1521 494 1566 Madridius
523 1522 555 1564 2.
590 1521 652 1564 Hi
680 1521 894 1564 dixerunt
922 1528 971 1562 vt
999 1521 1247 1577 deligerem
1271 1521 1317 1563 in
1345 1521 1506 1577 patria,
1540 1520 1617 1577 qui
1648 1520 1802 1563 distri—

151 1600 344 1643 buerent
365 1600 485 1641 bona
507 1613 608 1642 mea
630 1598 923 1655 pauperibus,
949 1598 1104 1641 habita
1126 1598 1301 1641 ratione
1323 1598 1489 1641 sororis
1512 1605 1557 1641 et
1580 1605 1802 1654 cognato—

150 1692 266 1731 rum,
292 1676 329 1719 si
352 1676 429 1732 qui
452 1690 674 1732 pauperes
697 1683 864 1719 essent.
898 1675 1122 1718 Miserunt
1152 1677 1210 1719 ad
1239 1690 1312 1719 me
1346 1689 1427 1719 Ioo
1456 1690 1634 1728 aureos,
1671 1675 1802 1718 aliam

151 1762 324 1810 partem
347 1754 634 1797 destinarunt
656 1753 816 1806 sorori,
844 1755 858 1774 ⁵
884 1760 971 1796 etc.

242 1833 313 1875 81.
381 1831 621 1875 Liberatus
643 1833 729 1874 hac
752 1831 767 1851 ‘⁴
791 1830 1012 1884 molestia,
1042 1831 1106 1873 fui
1134 1832 1272 1887 longe
1301 1830 1498 1874 liberior.
1534 1832 1668 1873 Eram
1699 1830 1796 1885 quiu

150 1911 253 1953 dem
276 1911 396 1952 bono
419 1909 568 1952 animo
586 1916 630 1952 et
652 1909 798 1961 firmo,
825 1915 1008 1964 propter
1031 1908 1381 1960 consolationes,
1408 1909 1488 1951 sed
1510 1922 1615 1951 cum
1638 1909 1802 1951 affecta

151 2001 330 2043 semper
352 1986 629 2030 valetudine.

242 2065 313 2107 82.
383 2066 435 2107 P.
478 2063 685 2120 Ignatius
722 2078 890 2119 magna
930 2063 1159 2106 suauitate
1195 2077 1248 2106 ac
1287 2062 1590 2106 familiaritate
1621 2077 1798 2106 mecum

149 2156 287 2198 agere
309 2141 472 2198 coepit,
497 2140 760 2197 saepissime
781 2142 838 2184 ad
861 2156 1062 2184 mensam
1087 2156 1159 2184 me
1180 2142 1391 2194 vocabat,
1417 2155 1552 2197 saepe
1574 2141 1631 2183 ad
1649 2155 1799 2184 meum

148 2219 411 2262 cubiculum
433 2219 660 2271 veniebat,
688 2220 949 2274 frequenter
972 2234 1044 2262 me
1066 2220 1264 2262 ducebat
1292 2219 1650 2272 deambulatum;
1677 2220 1799 2275 quod

147 2311 236 2354 ego
258 2297 529 2352 interpretor
551 2296 676 2339 illum
702 2296 879 2349 fecisse,
900 2298 1022 2352 quod
1040 2296 1327 2340 teneritatem
1345 2296 1483 2339 animi
1501 2295 1794 2353 intelligeret,

147 2381 193 2418 et
215 2389 354 2431 egere
376 2389 448 2417 me
470 2374 545 2416 illa
569 2373 799 2417 facilitate.

224 2534 232 2552 ¹
286 2531 374 2575 Ms.,
394 2531 473 2565 illi.

218 2593 231 2611 ²
284 2592 353 2625 Dr.
374 2589 676 2635 Christophorus
694 2590 743 2625 de
763 2589 926 2625 Madrid.

218 2651 232 2670 5
282 2649 382 2685 Cum
402 2661 462 2695 ea,
480 2660 580 2695 quae
598 2648 660 2684 hic
677 2655 807 2684 narrat
826 2650 868 2684 P.
890 2650 1029 2696 Nadal,
1049 2661 1150 2685 anno
1177 2650 1268 2694 1546
1291 2655 1377 2684 acta
1400 2649 1561 2693 fuerint,
1587 2660 1663 2684 non
1687 2655 1794 2684 recte

146 2710 256 2756 MUT‚
275 2709 315 2744 in
333 2710 440 2744 Hist.
461 2710 507 2744 de
526 2709 739 2751 Mallorca,
760 2715 788 2744 t.
810 2710 881 2755 ΙΙΙ,
900 2709 969 2744 lib.
990 2710 1059 2754 XI,
1075 2722 1159 2756 cap.
1184 2719 1240 2756 ΙΙ,
1259 2711 1356 2744 haec
1375 2709 1544 2756 scripsit:
1568 2708 1793 2743 «Renuncio

147 2781 192 2804 su
209 2769 399 2804 hacienda
424 2769 473 2804 de
496 2768 673 2804 Binibaci
698 2769 778 2811 (alii
804 2769 980 2805 scribunt
1005 2770 1218 2813 Binibassi)
1237 2782 1263 2815 y
1287 2772 1399 2804 entro
1419 2781 1468 2804 en
1486 2771 1522 2804 la
1540 2769 1755 2815 Compafn'a
1772 2771 1793 2803 a

145 2839 190 2874 29
208 2829 256 2863 de
275 2829 504 2864 noviembre
522 2829 570 2864 de
593 2838 720 2873 1545»;
742 2841 830 2864 nam
855 2829 948 2865 licet
970 2830 1009 2864 in
1037 2830 1274 2865 Societatem
1299 2841 1437 2875 reapse
1462 2829 1525 2864 die
1550 2839 1595 2874 29
1624 2829 1792 2863 Novem—

144 2887 224 2924 bris
243 2888 347 2923 illius
362 2888 452 2924 anni
471 2888 521 2924 sit
540 2887 774 2934 adscriptus,
794 2895 954 2935 paterna
978 2890 1198 2925 hereditate
1224 2901 1301 2924 non
1320 2889 1395 2924 nisi
1414 2900 1516 2923 anno
1541 2888 1723 2935 sequenti
1748 2899 1790 2923 se

147 2948 359 2984 abdicavit.

219 3011 233 3030 ⁴
283 3009 372 3054 Ms.,
392 3010 499 3045 haec.
