2038 3313
855 167 877 204 3
905 170 1013 215 JUL11
1043 170 1131 214 1562
1744 178 1810 215 741

168 284 197 324 y
219 270 276 312 de
299 270 340 312 la
365 270 520 323 tierra3
546 286 575 326 y
598 272 640 313 10
666 274 745 326 3.⁰,
770 286 858 327 que
881 280 978 315 esta
999 288 1028 329 y
1051 273 1092 315 el
1114 272 1290 315 castillo
1309 272 1594 316 estuuiessen
1618 277 1644 316 a
1666 288 1720 316 su
1743 286 1816 315 re-

169 346 404 402 quisicic'm.
434 349 487 390 El
510 349 632 391 buen
663 349 781 405 uiejo
804 358 963 393 estaua
995 351 1081 393 mal
1112 350 1383 406 apercebido
1412 351 1468 394 de
1500 358 1656 407 gente,
1688 366 1717 406 y
1739 365 1816 394 era

169 432 397 468 menester
418 426 744 471 determinarse
767 435 918 484 presto
941 444 949 471 :
976 427 1125 472 embio
1148 432 1173 470 a
1195 428 1353 471 llamar
1376 429 1417 488 al
1442 428 1682 472 vicereitor
1701 434 1721 455 a
1742 428 1816 471 del

168 502 377 559 collegio,
425 518 513 558 que
543 518 620 548 era
652 505 693 549 61
732 507 784 548 Ρ.
818 506 987 549 Aniba]
1019 506 1218 549 Codreto
1246 507 1276 558 ¹,
1309 520 1398 561 que
1432 506 1541 549 uino
1575 506 1632 548 de
1668 507 1815 549 Roma

166 594 252 622 con
270 588 456 623 nuestro
476 582 624 626 Padre
642 583 845 638 general,
866 599 895 639 y
911 583 1061 626 dixole
1078 584 1122 625 lo
1141 597 1230 638 que
1247 584 1314 626 105
1332 584 1509 639 herejes
1532 582 1775 626 embiauan
1794 583 1813 609 b

166 661 192 700 a
214 657 358 700 dezir:
385 659 426 701 61
450 659 491 702 16
514 660 754 715 respondio
782 675 871 715 que
894 659 976 703 iria
1004 661 1268 703 consultarc
1286 675 1373 703 con
1401 661 1469 704 los
1498 661 1571 703 del
1599 659 1810 716 collegio,

163 750 193 792 y
216 736 420 780 bolueria
434 736 453 763 <¹
470 738 512 781 la
535 744 762 794 repuesta.
786 739 993 795 Propuso
1016 738 1058 782 la
1081 752 1187 781 cosa
1209 739 1319 782 alos
1342 745 1569 783 nuestros:
1590 753 1686 781 una
1710 752 1813 782 uoce

235 916 254 936 a
285 910 365 946 Alt.
385 923 464 958 ap.,
484 913 785 948 vicerector.—b
817 913 897 949 Alt.
919 925 997 960 ap.,
1014 914 1071 948 los
1084 912 1235 960 lwrejes
1249 914 1283 949 le
1298 914 1601 949 mmmmm—0
1631 913 1711 949 Alt.
1732 924 1809 960 ap.,

161 970 186 1003 ά
205 970 502 1005 consultar.-d
531 972 610 1007 Alt.
632 984 709 1020 ap.,
729 984 802 1019 que
827 973 1023 1009 bolueria.

160 1091 706 1136 responsiones.—-Emundus
726 1094 1011 1139 Augerus.-1.
1033 1094 1195 1140 Septem
1220 1105 1341 1129 annos
1366 1093 1661 1129 humanioribus
1686 1093 1809 1128 literis

162 1149 348 1186 dederam
368 1164 540 1199 operam,
563 1159 640 1189 tam
658 1153 812 1199 graecis
837 1166 954 1200 quam
979 1153 1126 1198 latinis,
1152 1159 1362 1200 antequam
1387 1153 1615 1199 ingrederer
1638 1152 1810 1187 Societa-

162 1215 255 1245 tem.
277 1211 373 1247 Inde
392 1224 413 1247 a
436 1221 515 1257 17.0
537 1225 637 1249 anno
657 1214 705 1249 ad
725 1223 768 1258 25
788 1214 926 1249 vacavi
946 1213 1106 1249 lectioni
1125 1214 1306 1260 publicae
1325 1213 1570 1248 earumdem:
1591 1213 1680 1247 hinc
1699 1211 1746 1246 ad
1764 1221 1810 1256 29

160 1275 199 1304 et
217 1272 384 1318 amplius
403 1273 494 1308 dedi
513 1285 670 1320 operam
689 1274 968 1321 philosophicis
988 1280 1027 1309 et
1046 1273 1293 1320 theologicis,
1322 1279 1400 1308 tam
1425 1272 1670 1308 scholasticis
1694 1283 1808 1318 quarn

158 1330 354 1376 positivis.
377 1341 411 1367 2.
433 1334 670 1369 Valetudine
689 1334 855 1369 adversa
874 1334 976 1369 serio
1003 1333 1196 1369 laboravi:
1224 1334 1318 1368 nihil
1346 1339 1476 1368 tamen
1500 1338 1567 1368 aut
1591 1344 1726 1379 parum
1750 1344 1808 1366 re>

158 1390 247 1426 misi
265 1391 314 1426 de
333 1393 459 1428 officio
477 1394 637 1429 lectoris
656 1396 719 1430 vel
745 1394 1040 1430 contionatoris.
1068 1393 1103 1429 3.
1131 1393 1192 1428 Ad
1212 1394 1340 1429 studia
1364 1393 1587 1439 theologiae
1614 1391 1807 1439 positivae

156 1455 196 1486 et
214 1462 412 1487 sacrarum
432 1453 631 1488 literarum
651 1453 815 1489 inclinor
834 1465 901 1500 pro
920 1453 1070 1489 ratione
1096 1453 1351 1488 emolumenti
1376 1452 1467 1488 inde
1492 1451 1733 1497 emergentis
1758 1451 1806 1485 ad

154 1510 366 1557 proximos,
386 1517 429 1547 ut
448 1512 542 1548 mihi
562 1513 732 1549 videtur.
752 1524 788 1559 4.
810 1514 973 1559 Ingenio
993 1519 1033 1549 et
1052 1513 1237 1548 memoria
1256 1524 1332 1548 non
1353 1512 1500 1548 infelici
1521 1512 1655 1547 videor
1672 1512 1766 1547 mihi
1785 1523 1806 1546 a

154 1570 240 1605 Deo
260 1577 299 1607 et
318 1573 485 1608 Domino
509 1579 642 1609 nostro
667 1574 848 1609 donatus.
875 1574 970 1609 Eius
998 1574 1049 1609 sit
1073 1575 1170 1608 laus.
1198 1582 1233 1618 5.
1262 1573 1351 1608 Non
1378 1573 1514 1607 videor
1542 1572 1635 1608 mihi
1663 1571 1804 1607 lusisse

153 1642 310 1677 operam
330 1632 369 1667 in
389 1633 436 1668 iis
455 1633 611 1678 studiis,
627 1646 727 1681 quae
748 1635 919 1679 versavi,
937 1633 1105 1668 maxime
1120 1633 1389 1677 humanitatis,
1406 1633 1628 1679 linguarum
1644 1637 1683 1667 et
1697 1633 1804 1667 theo—

152 1691 292 1737 logiae.
313 1693 347 1727 6.
370 1693 544 1729 Gradum
565 1695 714 1729 nullum
733 1694 882 1741 accepi,
902 1706 976 1729 nec
992 1693 1187 1729 desidero.
1207 1701 1243 1738 7.
1270 1694 1368 1728 Tam
1392 1693 1563 1732 libenter
1587 1692 1715 1728 studia
1738 1692 1803 1727 de-

152 1762 294 1797 seram,
314 1764 430 1799 quam
449 1765 534 1788 sum
553 1765 779 1799 aggressus.
800 1754 835 1790 8.
857 1755 1016 1789 Nullum
1037 1753 1254 1789 studiorum
1272 1765 1400 1799 genus
1418 1763 1570 1797 recus0,
1590 1764 1639 1787 ne
1654 1752 1802 1798 logices

150 1811 309 1857 quidem
329 1814 391 1848 vel
407 1813 757 1860 jurisprudentiae,
778 1814 811 1849 si
836 1814 890 1849 ita
911 1814 1132 1860 juberetur.
1160 1824 1196 1859 9.
1217 1813 1397 1848 Docendi
1423 1824 1521 1847 onus
1541 1823 1587 1847 eo
1614 1811 1802 1847 libentius

151 1872 362 1919 suscipiam
382 1885 551 1920 semper,
572 1885 649 1921 quo
668 1874 706 1909 in
727 1886 773 1909 eo
792 1886 879 1909 sum
899 1873 1024 1919 magis
1041 1879 1240 1917 assuetus,
1261 1873 1436 1919 nihilque
1456 1872 1550 1907 mihi
1570 1872 1705 1918 timeo,
1731 1872 1801 1907 sed

150 1932 314 1974 viribus,
334 1945 434 1980 quae
454 1934 639 1969 infirmari
658 1946 735 1969 non
754 1940 933 1981 possunt,
953 1933 1062 1969 obire
1081 1932 1166 1977 (P).»
1187 1934 1243 1968 Ex
1263 1932 1358 1968 Cod.
1379 1933 1439 1974 16,
1461 1933 1512 1978 II,
1532 1940 1656 1978 92-97.

225 1994 234 2014 ¹
287 1994 345 2028 En
370 1993 485 2039 hujus
510 1994 637 2029 Patris
663 2006 830 2029 examen
849 2005 1071 2029 commune.
1094 2002 1152 2028 «1.
1175 1992 1345 2028 Annibal
1366 2004 1386 2027 a
1405 1992 1591 2028 Codreto.
1618 2001 1652 2027 2.
1678 1991 1799 2027 Circi-

149 2057 208 2087 ter
225 2051 284 2087 38.
304 2052 339 2088 3.
361 2054 580 2100 Sabaudus,
600 2054 795 2089 dioecesis
813 2053 1017 2099 gebensis,
1038 2065 1086 2088 ex
1105 2053 1248 2100 oppido
1268 2052 1495 2088 Salaucia...
1525 2061 1580 2086 12.
1610 2052 1672 2086 Ab
1696 2063 1798 2087 anno

147 2113 208 2158 46,
229 2113 343 2148 factis
362 2114 561 2149 Bononiae
581 2114 782 2149 exercitiis
801 2115 874 2149 sub
893 2114 1009 2149 Patre
1034 2113 1265 2148 Hieronimo
1289 2113 1534 2156 Domenech‚
1561 2112 1685 2147 edidit
1706 2117 1797 2147 vota

151 2182 193 2218 19
211 2172 397 2210 Octobris
417 2175 521 2219 1546,
539 2179 578 2209 et
593 2186 729 2210 mense
745 2174 930 2220 Januario
945 2174 1108 2209 Romam
1124 2173 1247 2217 venit,
1265 2173 1398 2220 ibique
1413 2173 1659 2208 examinatus
1674 2171 1776 2206 fuit..
1787 2200 1794 2207 .

151 2240 207 2277 14.
229 2233 299 2267 Est
317 2233 514 2268 sacerdos.
544 2242 599 2278 15.
627 2234 887 2279 Messanensi,
912 2245 1087 2277 romano,
1114 2232 1359 2268 turnonensi.
1389 2232 1443 2266 16.
1472 2231 1583 2267 Fecit
1607 2231 1795 2266 exercitia

149 2292 378 2338 spiritualia.
408 2302 442 2328 2.
475 2294 563 2328 Non
594 2293 802 2330 inservivit
833 2294 872 2329 in
897 2293 1154 2329 xenodochio.
1184 2291 1218 2327 3.
1252 2293 1341 2327 Non
1372 2297 1432 2327 est
1457 2291 1729 2338 peregrinatus
1753 2291 1792 2326 in

148 2358 390 2399 paupertate.
418 2360 477 2398 40
508 2354 697 2390 Versatus
724 2360 785 2390 est
815 2353 855 2389 in
885 2353 1084 2400 obsequiis
1115 2352 1345 2388 domesticis
1376 2363 1532 2387 menses
1555 2360 1596 2395 15
1627 2352 1788 2386 Romae.

149 2419 207 2457 5.0
231 2413 376 2448 Docuit
405 2413 621 2449 doctrinam
644 2414 896 2450 christianam
915 2413 1087 2460 saepius,
1116 2413 1231 2460 idque
1257 2424 1413 2458 pueros.
1441 2412 1499 2446 6.0
1526 2411 1790 2448 Concionatus

149 2477 223 2515 est,
242 2472 354 2518 legit,
374 2472 496 2508 audiit
513 2473 797 2520 confessiones,
817 2472 1246 2519 etc...»—«Responsio
1271 2472 1477 2507 Annibalis
1502 2484 1522 2506 a
1546 2471 1716 2507 Codreto
1741 2471 1789 2505 ad

148 2542 314 2567 examen
332 2533 667 2568 scholasticorum.
692 2542 723 2567 1.
744 2534 883 2568 Fertur
902 2538 983 2568 tota
1003 2532 1083 2567 vita
1101 2531 1410 2575 humanioribus,
1430 2530 1649 2575 rhetoricis,
1668 2529 1789 2576 philo-

146 2591 332 2638 sophicis,
352 2593 654 2638 mathematicis,
673 2593 852 2638 medicis,
873 2592 1104 2637 theologicis
1124 2597 1163 2626 et
1183 2590 1299 2626 trium
1318 2590 1552 2636 linguarum.
1574 2599 1607 2624 2.
1628 2590 1789 2625 Utcum—

144 2664 220 2699 que
245 2664 396 2687 sanum.
417 2651 452 2688 3.
479 2653 583 2688 Satis
607 2655 708 2688 bene
733 2664 984 2700 propensum,
1014 2658 1054 2687 et
1078 2651 1126 2686 ad
1151 2650 1373 2695 theologica
1397 2650 1535 2695 magis.
1562 2659 1598 2694 4.
1625 2649 1787 2685 Utcum-

142 2724 218 2758 que
237 2717 350 2758 aptus
369 2712 417 2747 ad
435 2713 610 2758 quaevis.
632 2713 797 2758 Ingenio
817 2713 942 2757 magis
957 2723 1072 2758 quam
1088 2710 1275 2745 memoria
1291 2711 1442 2754 valens,
1458 2708 1687 2756 praesertim
1701 2720 1787 2743 ver-

143 2773 280 2807 borum
295 2778 334 2807 et
349 2784 477 2806 rerum
493 2772 798 2818 particularium.
819 2780 853 2816 5.
874 2771 1112 2806 Mediocrem
1126 2770 1165 2805 in
1184 2770 1246 2813 iis,
1266 2781 1365 2816 quae
1385 2769 1530 2814 attigit3
1547 2768 1732 2803 maiorem
1747 2768 1786 2803 in

142 2832 287 2877 linguis
307 2837 346 2867 et
365 2832 576 2878 theologia,
595 2833 686 2879 quia
708 2832 783 2867 alia
809 2844 928 2878 prope
953 2830 1198 2866 exciderunt.
1226 2829 1305 2865 Sed
1329 2835 1368 2864 et
1394 2840 1442 2863 ex
1466 2827 1691 2874 cognitione
1715 2828 1786 2863 lin-

143 2903 307 2937 guarum
326 2892 490 2926 multum
509 2891 676 2938 deperiit
695 2892 821 2938 deque
842 2904 914 2926 usu
934 2892 1113 2938 poeseos.
1133 2891 1169 2925 6.
1192 2890 1253 2924 Ad
1272 2891 1422 2924 nullum
1445 2888 1610 2934 gradum
1635 2900 1784 2935 promo—

144 2957 221 2986 tus.
240 2960 275 2996 7.
297 2952 366 2986 Est
384 2951 624 2987 indifferens.
645 2951 680 2987 8.
701 2953 809 2987 Bono
828 2951 971 2994 animo,
998 2950 1073 2985 Dei
1092 2950 1231 2996 gratia.
1257 2960 1292 2996 9.
1323 2950 1392 2984 Est
1417 2948 1784 2997 paratus.—Biglio-

146 3011 199 3049 mi
216 3018 277 3060 7.a
298 3010 388 3047 Maii
410 3011 538 3056 1562.»
559 3013 616 3050 Ex
637 3011 732 3047 Cod.
755 3011 812 3053 16,
834 3012 864 3057 Ι,
886 3010 969 3058 346,
989 3009 1071 3059 347.
