2038 3313
689 209 876 246 ComcEs
903 209 946 244 P.
975 208 1126 243 NADAL
1643 213 1727 239 xxv

83 323 288 360 notatus:
325 318 410 358 «Ρ.
444 312 617 358 Natalis
645 312 651 371 Ι
680 311 1004 369 Ephemerides
1032 309 1038 368 Ι
1067 311 1123 353 ab
1153 324 1273 352 anno
1308 309 1531 363 1546—S.
1564 308 1599 350 F
1603 321 1726 350 ranc.

85 393 267 450 Borgia.
300 392 306 451 Ι
334 391 538 435 Diarium
567 389 573 449 Ι
602 391 657 434 ab
681 405 800 433 anno
830 390 984 444 1564.»
1008 387 1223 431 Continet
1240 387 1392 444 plures
1411 383 1731 441 quaterniones

82 471 216 514 simul
239 476 472 522 consutos;
499 475 545 512 et
566 467 612 511 in
641 469 754 510 duas
784 473 934 523 partes
962 465 1199 509 commode
1225 462 1366 506 dividi
1393 468 1564 519 potest,
1597 469 1731 517 prout

83 550 128 592 in
150 549 246 606 ipso
270 548 401 591 titulo
423 547 526 590 libri
548 546 789 590 indicatur:
817 544 959 601 prima
981 545 1038 587 ad
1062 546 1098 587 Ρ
1107 578 1115 586 .
1148 542 1295 586 Nadal
1322 540 1540 598 pertinet,
1573 546 1732 595 estque

84 629 176 671 fere
214 633 309 670 tota
337 627 637 682 autographa.
672 624 885 669 Secunda
913 623 1056 665 multo
1086 620 1266 664 brevior
1295 619 1342 662 in
1370 620 1460 662 fine
1490 617 1732 661 voluminis

81 705 241 761 posita,
268 703 470 747 continet
494 710 827 758 transumptum
851 699 1189 757 ephemeridum
1214 700 1261 743 S.
1288 699 1323 741 F
1328 695 1519 740 rancisci
1543 696 1600 739 de
1618 697 1730 738 Bor—

77 783 140 838 ja,
167 783 222 825 ab
247 796 366 824 anno
395 781 505 835 1364
529 781 585 823 ad
615 781 739 834 1568.
768 781 869 822 Hac
891 778 1092 821 secunda
1110 783 1253 833 parte,
1274 789 1391 831 quae
1414 785 1491 829 105
1512 772 1629 816 foliis
1647 787 1733 815 nu-

83 858 266 903 meratis
288 866 333 902 et
355 874 382 916 9
411 873 503 901 non
532 857 801 908 numeratis,
833 863 878 899 et
909 854 1069 912 partim
1099 853 1272 906 vacuis,
1305 860 1505 905 constat,
1532 858 1733 908 praeter—

82 936 233 990 missa3
260 937 317 979 ad
338 936 527 992 primam
550 935 801 979 veniamus.

172 1015 364 1057 Constat
387 1028 440 1057 ea
462 1014 518 1067 48
541 1014 587 1055 ff.
616 1013 739 1055 nullo
762 1026 951 1055 numero
974 1010 1190 1067 signatis,
1217 1017 1261 1053 et
1284 1008 1382 1052 aliis
1407 1009 1513 1061 208,
1535 1007 1735 1051 numeris

85 1091 324 1135 distinctis.
351 1093 520 1134 Decem
545 1090 688 1146 prima
717 1091 790 1142 ff.,
823 1088 969 1146 ignoti
998 1087 1166 1131 librarii
1195 1102 1331 1130 manu
1362 1092 1567 1137 exarata,
1601 1093 1645 1128 et
1678 1086 1734 1128 ab

87 1170 183 1226 ipso
206 1170 352 1213 Nadal
374 1168 509 1211 variis
533 1167 903 1211 annotationibus
926 1174 1075 1218 aucta,
1102 1165 1339 1209 continent
1360 1163 1601 1209 Societatis
1624 1165 1734 1221 Jesu

87 1245 397 1303 ephemerides
425 1245 769 1302 compendiosas
799 1246 854 1288 ab
884 1259 1003 1288 anno
1042 1244 1152 1299 1546
1180 1243 1247 1286 ad·
1265 1242 1384 1286 diem
1415 1254 1438 1285 2
1471 1240 1737 1285 Decembris

89 1325 194 1367 anni
225 1338 239 1368 Ι
249 1325 349 1379 556.
378 1325 478 1367 Hae
496 1332 646 1367 autem
666 1322 978 1379 ephemerides
996 1327 1306 1377 transumptae
1323 1327 1429 1363 sunt
1447 1335 1501 1363 ex
1520 1327 1737 1375 autogra—

90 1405 178 1459 pho
201 1402 343 1459 ipsius
366 1402 526 1453 Nadal,
554 1401 599 1443 in
624 1400 755 1444 tertio
778 1400 919 1457 ipsius
942 1399 1114 1443 codicis
1144 1398 1442 1454 quaternione
1470 1405 1515 1441 et
1543 1411 1737 1452 sequen—

91 1481 211 1523 tibus
233 1480 419 1524 inserto.

179 1559 422 1603 Secundus
450 1557 703 1613 quaternio,
731 1573 756 1600 a
787 1557 893 1600 folio
929 1569 995 1609 11,
1031 1556 1087 1598 ad
1118 1568 1189 1608 22,
1226 1553 1483 1598 adversaria
1516 1554 1738 1610 quaedam

89 1638 372 1693 autographa
395 1652 421 1679 a
446 1638 496 1679 P.
526 1636 672 1679 Nadal
695 1650 814 1678 anno
851 1645 960 1690 1557
991 1636 1162 1678 Romae
1190 1639 1373 1676 exarata
1401 1631 1735 1688 complectitur,

90 1714 136 1757 in
164 1714 330 1770 quibus
358 1715 415 1757 de
437 1714 541 1770 jure
570 1713 857 1771 gubernandi
886 1712 933 1755 in
961 1712 1191 1757 Societate
1214 1713 1325 1770 Jesu
1355 1709 1555 1762 disserit,
1592 1709 1740 1753 Patris

93 1792 327 1836 Bobadilla
349 1799 619 1849 argumenta
642 1792 868 1844 refellens,
896 1790 972 1846 qui
1002 1805 1092 1833 non
1123 1790 1170 1832 in
1199 1804 1290 1832 uno
1319 1788 1489 1832 vicario
1519 1787 1737 1845 generali,

92 1871 171 1913 sed
208 1885 347 1926 penes
378 1870 545 1926 primos
583 1884 740 1913 omnes
778 1869 921 1926 ipsius
959 1868 1202 1913 Societatis
1243 1868 1507 1910 fundatores
1545 1865 1742 1909 residere

93 1948 411 1991 contendebat.
446 1948 598 2003 Hujus
624 1948 791 2004 longae
820 1945 1145 1989 confutationis
1172 1960 1393 1988 summam
1418 1943 1602 1987 exhibet
1624 1945 1742 1988 SAC-

95 2040 289 2077 cHINUs,
337 2026 458 2068 Hist.
485 2025 532 2067 S.
553 2025 618 2082 ].,
642 2031 757 2081 part.
784 2025 838 2077 II,
865 2024 942 2066 lib.
971 2025 1003 2075 I,
1030 2039 1107 2066 nn.
1143 2024 1196 2065 82
1221 2030 1265 2066 et
1290 2024 1360 2077 83.

185 2105 227 2146 A
252 2103 357 2146 folio
388 2116 442 2157 23
472 2104 528 2146 ad
557 2103 633 2145 fol.
666 2103 739 2156 48,
771 2101 1032 2145 continetur
1059 2100 1377 2157 palimpsestus
1400 2099 1739 2156 ephemeridum

96 2180 335 2225 Societatis
352 2183 479 2239 Jesu,
508 2180 655 2223 Patris
678 2180 824 2223 Nadal
847 2194 983 2222 manu
1007 2186 1235 2230 exaratus,
1262 2179 1318 2221 26
1340 2179 1386 2220 ff.
1414 2192 1505 2220 non
1529 2176 1736 2233 signatis.

96 2258 249 2302 Primo
266 2259 367 2301 loco
385 2265 617 2314 ponuntur
635 2272 703 2310 ea,
726 2271 843 2313 quae
866 2257 1135 2313 transcripta
1157 2272 1183 2299 a
1204 2255 1389 2299 librario
1410 2262 1517 2299 sunt
1534 2254 1580 2297 in
1598 2254 1741 2311 primo

97 2335 414 2392 quaternione,
447 2351 511 2379 sc.
544 2337 600 2379 ab
630 2350 749 2379 anno
784 2337 910 2390 1546,
952 2335 1009 2378 ad
1039 2347 1062 2378 2
1093 2334 1360 2378 Decembris
1396 2334 1521 2388 1556.
1557 2335 1739 2384 Postea,

94 2413 402 2470 ephemerides
424 2413 530 2457 anni
560 2424 685 2468 1557,
712 2413 790 2456 ubi
813 2412 990 2470 plenius
1011 2412 1193 2456 disserit
1217 2414 1268 2455 P.
1295 2412 1441 2455 Nadal
1463 2412 1520 2454 de
1547 2411 1743 2453 difficul—

97 2491 282 2544 tatibus,
309 2505 420 2546 quas
443 2491 488 2533 in
510 2492 717 2548 cogenda
740 2490 940 2547 generali
964 2490 1324 2546 congregatione
1346 2496 1532 2546 experta
1559 2496 1628 2532 est
1657 2489 1743 2532 So-

98 2569 255 2622 cietaS,
280 2575 368 2613 etc.
1370 2561 1380 2574 ‘

188 2647 239 2689 In
261 2647 336 2689 fol.
363 2659 436 2704 49,
463 2645 607 2702 primo
629 2653 847 2689 notantur
869 2653 970 2689 acta
991 2645 1038 2688 in
1061 2645 1296 2689 Lusitania
1318 2660 1343 2688 a
1368 2647 1404 2688 Ρ
1413 2679 1420 2687 .
1457 2644 1604 2688 Nadal
1626 2658 1745 2686 anno

107 2737 121 2767 1
132 2735 154 2779 5
161 2735 183 2779 5
191 2737 231 2779 33
253 2723 431 2776 deinde,
452 2738 558 2780 pag.
582 2736 624 2778 2,
645 2731 747 2767 acta
765 2724 986 2780 quaedam
1006 2725 1053 2768 S.
1077 2723 1307 2767 Francisci
1325 2724 1382 2766 de
1400 2723 1535 2778 Borja
1553 2722 1609 2764 ab
1628 2736 1746 2764 anno

106 2811 215 2859 1539
244 2802 301 2844 ad
329 2814 345 2844 1
355 2812 377 2856 5
385 2811 455 2856 533
488 2800 638 2858 pergit
667 2801 951 2860 deindebipse
982 2803 1033 2844 P.
1061 2801 1208 2845 Nadal
1238 2801 1439 2844 referens
1463 2799 1624 2842 itinera
1651 2814 1677 2841 a
1699 2813 1748 2841 se

100 2886 326 2934 suscepta,
352 2878 449 2922 sive
470 2894 552 2935 pro
573 2878 828 2933 visitandis,
854 2879 950 2923 sive
973 2894 1054 2936 pro
1073 2878 1318 2921 fundandis
1341 2877 1549 2933 collegiis
1571 2877 1644 2920 vel
1661 2877 1747 2918 do—

102 2955 265 3009 mibus,
293 2956 646 3008 Conimbricam,
673 2958 730 2999 ad
754 2958 973 3001 Sanctum
993 2957 1189 3000 Felicem
1208 2962 1253 2999 et
1270 2957 1489 3000 Sanctum
1504 2957 1744 3012 Joannem,

105 3034 473 3088 Compostellam,
495 3033 827 3077 Conimbricam
848 3046 918 3077 2.0
938 3068 945 3087 ,
969 3033 1288 3091 Ulyssiponem
1309 3045 1378 3076 2.0
1399 3066 1406 3085 ,
1430 3033 1622 3075 Eboram
1648 3042 1718 3073 2.0
1739 3065 1746 3083 ,
