2038 3313
781 206 802 240 6
830 206 933 241 IULn
962 214 1051 251 1555
1669 208 1734 244 311

96 308 207 350 fatto
231 321 294 350 un
316 307 466 352 indice
489 309 546 352 de
569 309 796 365 questioni
818 309 1056 353 scolastice
1088 315 1250 352 cauato
1279 308 1324 351 di
1353 310 1453 353 Sto.
1488 312 1740 354 Thomasso

94 385 291 429 secondo
314 384 345 427 il
368 400 559 430 numero
582 387 699 430 delle
722 386 949 442 questioni
971 387 1015 429 d’
1041 386 1143 429 altri
1161 386 1404 438 scolastici,
1426 387 1467 430 le
1485 388 1606 442 quali
1626 403 1737 443 que-⁷

95 462 229 505 stioni
250 477 448 518 possono
472 466 609 508 esser'
636 463 753 507 assai
777 479 855 520 per
878 463 1138 507 institution
1160 465 1204 506 d’
1230 479 1291 506 vn
1315 464 1546 520 theologO.
1574 466 1620 507 Io
1649 481 1739 508 non

96 541 155 582 ho
178 539 296 583 visto
318 554 505 584 ancora:
532 556 621 584 con
644 542 686 584 la
706 541 855 597 gratia
877 542 950 585 del
973 541 1140 597 Signor
1163 540 1200 583 si
1217 541 1384 585 vedera
1402 556 1450 585 se
1466 544 1601 597 possa
1618 557 1741 586 esser

94 617 204 662 vtile
241 633 320 674 per
357 619 558 675 leggersi
597 626 716 663 tutte
754 619 795 663 16
834 618 1020 663 materie
1056 619 1370 671 breuemente,
1406 634 1497 662 non
1530 620 1741 663 lassando

94 698 244 738 tamen
267 695 312 738 di
334 694 446 738 odir’
473 697 559 739 alla
581 696 755 753 lungha
778 698 874 741 Sto.
903 698 1168 740 Thomasso.

180 788 218 830 9.
285 772 334 817 Si
356 774 414 815 ha
439 773 552 816 fatto
574 789 663 817 vna
686 775 842 817 scuola
866 788 1020 817 nuoua
1042 773 1087 816 di
1111 788 1339 830 ensegnar
1361 774 1480 830 putti
1503 790 1529 818 a
1561 776 1736 831 legger’

90 857 135 894 et
157 849 363 903 scriuer’,
389 852 557 907 perche
581 866 674 894 non
697 851 735 894 si
758 852 847 907 puo
871 851 1007 907 patir,
1037 851 1205 903 Padre‚
1233 853 1318 895 che
1341 851 1370 894 li
1393 852 1510 908 putti
1534 852 1578 895 di
1609 860 1737 895 tanto

88 942 200 984 poca
223 931 297 972 eta
318 927 446 971 siano
468 929 726 973 amaestrati
749 930 806 972 da
829 929 1034 972 huomini
1057 928 1245 973 heretici
1269 944 1296 972 0
1313 930 1523 986 suspetti,
1545 937 1590 974 et
1609 930 1737 986 quasi

90 1005 195 1048 tutti
218 1005 247 1048 11
270 1006 499 1062 pedagogi
522 1008 658 1049 etiam
682 1006 728 1049 in
753 1014 871 1051 terre
893 1007 950 1051 de
973 1006 1155 1050 catolici
1184 1022 1297 1050 sono
1319 1007 1364 1050 di
1388 1015 1550 1063 questo
1581 1010 1731 1051 modo.

89 1084 238 1128 Senza
260 1084 441 1128 hauersi
463 1084 695 1141 publicato
719 1091 879 1139 questa
901 1085 1073 1138 scuola‚
1099 1085 1339 1127 abondano
1362 1086 1437 1129 nel
1460 1101 1650 1130 numero
1673 1087 1735 1129 fin

89 1177 115 1204 3
138 1162 216 1214 80,
243 1168 288 1205 61
310 1161 460 1205 Giona
483 1175 569 1204 con
592 1162 767 1218 grande
796 1161 974 1204 111131113
1007 1176 1212 1217 gouerna
1245 1169 1406 1217 questa
1438 1164 1615 1218 scuola,
1645 1172 1689 1208 et
1712 1166 1736 1206 6

89 1254 204 1295 gran
226 1239 536 1283 consolatione
557 1240 697 1284 veder
720 1239 857 1296 quelli
881 1239 1101 1296 angeletti
1123 1240 1250 1284 leuar
1273 1241 1330 1284 de
1353 1256 1457 1284 man
1480 1242 1552 1285 del
1576 1242 1731 1285 (161110-

89 1317 165 1360 nio
186 1332 267 1374 per
290 1324 427 1360 conto
450 1316 495 1359 di
529 1325 690 1372 questa
722 1318 892 1361 scuola.
932 1318 1190 1361 Habbiamo
1223 1318 1350 1362 detto
1383 1334 1507 1363 esser
1539 1319 1734 1375 bisogno

87 1395 164 1451 piu
187 1395 216 1437 l’
242 1395 423 1447 edificii,
450 1402 495 1439 et
518 1395 611 1439 cosi
633 1395 663 1438 li
687 1395 879 1438 ministri
897 1396 970 1440 del
987 1411 1036 1440 re
1053 1397 1206 1439 hanno
1225 1395 1496 1439 cominciato
1514 1397 1591 1453 piu
1608 1398 1653 1440 d’
1674 1413 1734 1439 vn

86 1488 209 1518 mese
233 1473 275 1517 fa
298 1473 509 1517 edificare
531 1474 621 1517 due
644 1474 781 1526 scole,
808 1484 853 1518 et
876 1488 993 1530 poco
1015 1473 1171 1517 auanti
1193 1475 1279 1518 che
1302 1474 1344 1517 io
1367 1475 1582 1530 partisse,
1608 1475 1637 1517 il
1661 1491 1730 1519 re-

85 1550 304 1608 gimento,
330 1553 416 1596 che
438 1552 462 1594 e
480 1551 510 1593 il
533 1552 767 1608 conseglio
791 1553 929 1606 reale,
954 1551 1115 1595 ordino
1138 1554 1223 1597 che
1244 1553 1335 1597 due
1358 1553 1503 1609 gentil
1526 1552 1730 1595 huomini

85 1629 317 1674 venissero
340 1644 366 1673 a
387 1630 527 1674 veder
549 1644 640 1672 non
663 1630 759 1672 solo
783 1630 824 1674 16
847 1630 1001 1674 5611016
1023 1631 1109 1674 6116
1137 1630 1174 1672 51
1207 1629 1446 1684 6111116300,
1473 1646 1545 1674 ma
1567 1646 1734 1674 ancora

86 1706 195 1763 ogni
217 1706 413 1764 bisogno
435 1707 480 1750 di
502 1722 608 1751 casa
637 1714 682 1751 et
705 1707 892 1764 edificij,
929 1715 975 1752 et
1003 1709 1088 1752 che
1109 1707 1219 1764 ogni
1242 1723 1348 1752 cosa
1371 1708 1407 1751 si
1433 1708 1575 1751 faccia
1603 1723 1731 1752 come

86 1785 144 1829 de
165 1784 279 1828 ditto
301 1784 407 1829 delli
431 1784 584 1838 Padri,
611 1784 656 1827 in
680 1786 814 1828 modo
837 1787 922 1830 che
946 1787 1128 1841 quando
1151 1800 1353 1842 pensano
1376 1786 1406 1828 li
1424 1786 1611 1831 heretici
1628 1801 1723 1843 pre

86 1862 225 1907 ualer'
250 1863 365 1915 loro,
392 1870 438 1907 et
459 1863 712 1908 decrescer’
737 1862 767 1905 li
791 1863 984 1918 catolici,
1011 1863 1041 1905 il
1059 1863 1242 1920 Signor'
1264 1863 1408 1908 eccita
1425 1863 1455 1906 il
1472 1863 1629 1920 spirito
1647 1878 1731 1907 suo

86 1940 191 1985 nelli
214 1941 415 1996 catolici,
448 1948 493 1986 et
521 1949 736 1986 aumenta
764 1942 807 1986 13
840 1941 1146 1998 Compagffla,
1179 1942 1221 1985 la
1250 1943 1356 1997 qual
1385 1944 1536 1985 hanno
1566 1942 1672 1985 tutti
1702 1942 1732 1984 li

84 2018 272 2063 heretici
295 2018 402 2063 nelli
431 2019 583 2073 occhi,
617 2026 662 2064 et
694 2019 860 2063 dicono
893 2019 1216 2076 specialmente
1244 2018 1373 2075 quasi
1404 2019 1533 2072 tutti,
1567 2021 1652 2063 che
1680 2035 1729 2064 se

83 2110 177 2139 non
201 2097 324 2140 fusse
346 2096 378 2139 11
399 2096 648 2141 ministerio
666 2097 783 2141 della
801 2096 1085 2153 Compagnia
1103 2096 1148 2139 in
1165 2096 1359 2150 Vienna,
1386 2098 1578 2142 sarebbe
1601 2097 1730 2153 quasi

85 2180 203 2217 tutta
225 2174 268 2217 la
289 2173 400 2217 citta
421 2175 644 2218 luterana.

178 2265 243 2295 10.
311 2251 570 2295 Habbiamo
593 2252 823 2309 publicato
847 2253 889 2297 le
911 2252 1243 2322 constitutioni,
1268 2254 1373 2297 date
1396 2254 1552 2309 regole
1567 2254 1727 2303 (101116-

83 2329 196 2374 stice
224 2336 268 2374 et
298 2330 409 2373 altre
438 2345 518 2386 per
546 2329 847 2374 instructione
876 2331 1039 2373 alcuna
1068 2338 1226 2373 contra
1254 2330 1283 2372 li
1307 2330 1511 2375 heretici.
1545 2330 1598 2374 Li
1621 2346 1726 2387 pro—

85 2407 191 2451 fessi
229 2409 379 2450 hanno
420 2408 530 2451 fatto
567 2407 596 2449 li
630 2420 657 2461 4
689 2407 804 2450 votti
842 2407 1068 2464 semplici,
1102 2407 1115 2450 i
1139 2408 1260 2464 quali
1298 2408 1335 2451 si
1373 2410 1525 2451 hanno
1563 2408 1608 2450 di
1641 2410 1724 2451 far'

83 2486 281 2528 secondo
304 2486 346 2529 le
368 2485 681 2528 constitutioni
709 2485 831 2542 dipoi
862 2486 980 2530 della
1007 2485 1289 2542 professione
1315 2487 1345 2538 ¹,
1372 2492 1417 2530 et
1446 2486 1551 2529 tutti
1575 2488 1727 2529 hanno

83 2562 294 2605 rinouato
333 2562 362 2604 li
399 2562 500 2605 suoi
530 2563 646 2615 voti,
673 2570 718 2606 et
748 2563 820 2605 chi
850 2578 941 2605 non
970 2563 999 2605 li
1029 2565 1177 2607 hauea
1207 2563 1306 2606 fatti
1335 2564 1533 2607 secondo
1562 2564 1603 2606 la
1636 2565 1725 2607 for—

153 2744 162 2763 ¹
216 2741 417 2777 «Tertium
442 2754 596 2789 quoque
624 2742 773 2778 Canisii
797 2745 1084 2790 autographum
1108 2744 1319 2788 habemus,
1348 2744 1459 2778 cuius
1486 2756 1560 2778 una
1585 2743 1726 2790 pagina

77 2807 167 2836 vota
193 2801 384 2848 simplicia
409 2801 671 2848 professorum
696 2803 892 2849 continet,
921 2809 960 2839 et
986 2803 1046 2838 his
1074 2803 1205 2838 verbis
1232 2803 1475 2838 terminatur:
1506 2803 1726 2850 «Scriptum

78 2861 225 2896 factum
244 2867 283 2897 et
302 2867 436 2896 sancte
456 2862 689 2908 promissum
709 2863 886 2898 Viennae
908 2864 1113 2899 Dominica
1132 2863 1413 2898 Sanctissimae
1432 2869 1471 2898 et
1497 2864 1726 2898 Individuac

81 2921 282 2956 Trinitatis
301 2932 322 2966 9
341 2921 442 2956 Iunii
460 2934 561 2956 anno
580 2927 668 2968 post
686 2922 886 2958 Christum
906 2929 1039 2958 natum
1063 2933 1166 2968 Ι555;
1188 2924 1226 2958 111
1245 2925 1366 2958 altera
1386 2924 1526 2970 pagina
1545 2923 1726 2958 Canisius

84 2986 174 3016 vota
196 2982 400 3016 sollemnia
424 2982 639 3016 secundum
665 2982 826 3018 formam
851 2983 1084 3018 ordinariam
1116 2983 1343 3030 scripsit...»
1369 2985 1426 3019 Ex
1452 2984 1727 3019 BRAUNSBER-

85 3050 182 3082 GER,
206 3040 365 3077 Canisii
382 3042 512 3088 epist„
528 3032 564 3087 Ἰ,
589 3042 671 3087 655.
