2038 3313
746 234 768 268 9
797 224 1044 258 DECEMBRIS
1076 232 1166 267 1550
1733 233 1777 271 97

132 342 256 370 cuna
292 328 587 371 concludere:
629 340 838 383 speramo
876 326 950 368 nel
988 325 1160 381 Signor
1197 327 1282 368 che
1320 326 1406 368 alla
1428 332 1597 368 venuta
1625 325 1670 368 di
1700 340 1781 369 sua

139 405 307 448 Ece.tia
325 404 435 461 ogni
458 420 565 448 cosa
586 405 624 448 si
647 404 921 448 concludere
943 418 969 445 3
991 402 1205 459 maggior
1228 402 1375 459 gloria
1403 404 1475 445 del
1505 402 1673 458 Signor
1700 418 1782 446 no—

136 490 248 526 stro.
276 482 362 526 Lui
385 482 422 525 si
445 482 585 539 degni
608 496 688 539 per
710 480 921 537 maggior
943 480 1089 537 gloria
1116 480 1162 523 di
1190 495 1276 523 suo
1299 487 1431 523 santo
1452 495 1586 523 nome
1608 495 1784 536 sempre

138 560 454 617 augmentarci
481 560 512 602 il
540 575 624 603 suo
654 566 785 602 santo
814 560 936 601 lume
958 565 1004 602 et
1026 558 1189 614 gratia,
1216 558 1342 601 accio
1365 559 1407 601 13
1435 573 1519 601 sua
1547 565 1676 601 santa
1703 573 1786 602 vo-

139 639 269 681 lunta
306 645 352 680 et
389 638 611 680 sentiamo
640 644 685 680 et
714 637 1063 693 perfettamente
1091 635 1376 691 compliamo.
1409 635 1506 678 Ora
1530 640 1620 690 pro
1648 636 1788 688 nobis,

143 717 301 766 Paten·
322 719 448 757 orate
465 721 553 771 pro
576 715 716 767 nobis,
745 716 914 757 Patres
936 717 976 755 et
989 714 1193 771 fratres.

228 794 300 835 Da
323 792 537 844 Messina,
567 805 590 834 2
615 792 660 834 di
684 792 941 836 Settembre
970 801 1096 845 1550.

680 871 736 912 D.
767 870 820 912 P.
848 869 906 912 V.
933 882 1068 910 seruo
1091 867 1137 909 in
1156 869 1275 924 Xpo.

1023 947 1324 989 HIERONYMO
1357 947 1543 989 NADAL.

232 1025 477 1079 Inscriptio
505 1026 556 1067 in
584 1028 738 1067 octava
759 1025 964 1081 pagina:
987 1023 1015 1080 -ξ-
1045 1023 1106 1066 Al
1134 1023 1274 1065 molto
1303 1023 1413 1066 R.do
1442 1023 1488 1065 in
1512 1024 1649 1067 Chro.
1679 1025 1731 1066 P.
1758 1023 1789 1065 il

146 1105 197 1145 P.
224 1104 286 1145 M.
314 1102 491 1158 Ignatio
514 1103 571 1144 de
595 1102 781 1157 Loyola‚
809 1100 1037 1157 preposito
1060 1101 1276 1157 generale
1297 1101 1415 1143 della
1438 1100 1722 1157 Compagnia
1744 1101 1789 1143 di

132 1180 264 1236 Jesu,
285 1179 331 1220 in
347 1186 479 1222 santa
496 1179 640 1222 Maria
655 1179 774 1222 della
791 1179 944 1223 Strata
961 1171 1178 1234 appresso
1195 1193 1220 1220 3
1237 1185 1368 1221 santo
1381 1181 1552 1233 Marco,
1567 1178 1614 1221 in
1626 1179 1784 1222 Roma.

232 1257 340 1298 Alia
362 1271 527 1298 manu:
556 1268 682 1311 1550.
709 1258 780 1299 De
802 1255 1002 1299 Messina
1026 1268 1049 1298 2
1096 1255 1205 1309 7bris
1242 1266 1367 1310 1550.

231 1334 390 1390 Sigilli
417 1335 679 1390 vestigium.

923 1557 1007 1597 &28

584 1668 636 1708 P.
674 1667 1090 1710 HIERONYMUS
1124 1667 1345 1709 NADAL

483 1771 726 1809 SANCTO
770 1771 1034 1809 IGNATIO
1079 1773 1155 1807 DE
1198 1772 1448 1810 LOYOLA

572 1871 826 1920 Messanae,
853 1884 880 1925 9
902 1868 1170 1911 Decembris
1200 1880 1310 1923 1550
1338 1871 1365 1911 ¹.

142 1994 177 2019 Ι.
210 1983 369 2020 Gaudet
400 1985 446 2019 de
477 1984 653 2018 adventu
683 1982 796 2016 ducis
830 1981 1017 2016 Gaudia&
1049 1994 1138 2016 cam
1157 1982 1250 2029 filio
1276 1984 1549 2017 Romam—2.
1586 1983 1646 2019 De
1678 1984 1790 2019 rebus

501 2042 662 2088 collegii
680 2042 930 2082 mamertini,
951 2045 987 2076 et
1004 2043 1051 2076 de
1063 2041 1171 2089 festo
1192 2043 1230 2077 S.
1252 2042 1426 2077 Nicolai.

924 2162 1013 2203 Ihs.

235 2259 378 2302 Molto
401 2257 511 2301 R.d0
533 2257 580 2299 in
605 2258 743 2301 Chro.
775 2260 826 2300 P.

236 2336 301 2379 La
322 2334 470 2391 gratia
492 2342 538 2377 et
560 2349 685 2377 amor
708 2342 865 2377 eterno
887 2333 933 2376 di
956 2335 1095 2377 Chro.
1123 2340 1279 2377 nostro
1310 2335 1406 2378 S.re
1437 2349 1615 2391 sempre
1644 2335 1711 2378 sia
1738 2350 1797 2379 ne

145 2413 161 2455 i
185 2412 312 2456 cuori
334 2412 492 2455 nostri.
521 2413 687 2455 Amen.
870 2414 873 2417 ’

244 2503 280 2533 Ι.
347 2488 597 2532 Hauesimo
620 2504 710 2535 vna
732 2488 777 2531 di
801 2490 857 2532 V.
887 2491 938 2531 P.
966 2489 1040 2531 del
1069 2499 1116 2542 15
1142 2489 1199 2531 de
1218 2489 1497 2544 Nouembre,
1519 2491 1653 2545 quale
1671 2498 1797 2534 tanto

220 2678 228 2696 ¹
281 2675 340 2709 Ex
358 2675 587 2720 archetypo,
608 2673 648 2708 in
668 2673 798 2720 Epist.
819 2672 976 2714 Natal.,
997 2672 1050 2717 II,
1071 2671 1184 2707 unico
1203 2672 1287 2716 fol.,
1309 2681 1352 2717 55
1367 2675 1458 2717 (21).
1475 2672 1723 2720 Subscriptio
1737 2680 1797 2708 est

141 2735 397 2780 autographa.
420 2734 455 2768 A
474 2739 586 2778 tergo
605 2733 711 2767 nulla
729 2732 948 2778 inscriptio,
968 2731 1038 2766 sed
1056 2732 1184 2766 Patris
1203 2732 1375 2767 Polanco
1401 2744 1518 2768 manu
1538 2733 1682 2780 scripta
1708 2739 1798 2768 sunt

143 2793 334 2840 quaedam
353 2792 577 2828 adversaria
596 2791 880 2839 promissionis,
896 2803 917 2826 a
932 2791 972 2825 S.
991 2791 1200 2825 Francisco
1216 2791 1265 2826 de
1282 2791 1397 2838 Borja
1413 2792 1599 2839 episcopo
1617 2792 1666 2827 de
1687 2791 1798 2839 Squi-

142 2854 251 2888 lacce
274 2852 417 2898 factae,
438 2857 481 2887 ut
498 2852 538 2887 in
557 2852 704 2898 templo
723 2851 933 2886 Societatis
959 2850 1118 2897 sepeliri
1143 2856 1277 2897 queat,
1301 2852 1414 2897 cujus
1439 2852 1710 2899 promissionis
1736 2853 1798 2887 hic

144 2913 284 2947 titulus
302 2911 550 2947 inscribitur:
574 2912 768 2946 Promesa
786 2912 833 2945 de
851 2922 932 2945 vna
957 2910 1109 2956 capilla
1123 2913 1233 2956 para
1258 2911 1294 2945 el
1318 2911 1449 2957 obispo
1475 2912 1522 2946 de
1544 2911 1796 2957 Esquilache.

147 2972 268 3006 Porro
288 2972 361 3006 hoc
379 2971 658 3006 documentum
676 2970 779 3004 inter
797 2982 857 3015 ea,
882 2980 981 3016 quae
1001 2968 1050 3003 ad
1075 2969 1115 3003 S.
1143 2970 1395 3005 Franciscum
1422 2976 1616 3017 spectant,
1643 2971 1798 3017 proprio

151 3032 237 3066 loco
256 3031 466 3066 inseretur.

331 3102 444 3132 Emsr.
463 3102 502 3130 P.
524 3101 660 3137 NADAL,
682 3108 759 3129 τοΜ.
782 3101 808 3128 1.
1570 3102 1587 3128 7
