2038 3313
755 220 797 245 10
825 211 993 246 APRILIS
1023 210 1113 254 1553
1688 222 1754 258 145

111 316 346 372 procedas,
372 314 418 356 in
441 313 628 356 nomine
652 312 802 355 Patris
825 319 870 355 et
893 312 998 355 Filii
1020 319 1066 356 et
1089 311 1287 367 Spiritus
1304 312 1449 355 sancti
1467 313 1766 370 injungimus⁷

108 400 154 436 et
173 392 455 444 ordinamus3
478 397 523 434 et
544 397 595 432 ut
612 390 710 446 ipsa
728 397 912 433 aeterna
929 389 1163 446 Sapientia
1182 397 1226 433 te
1244 390 1290 432 in
1309 390 1522 433 omnibus
1540 390 1768 436 illustrare

113 477 159 513 et
184 484 344 526 regere
367 469 601 524 dignetur,
628 481 881 523 precamur.

204 549 351 590 Datae
375 547 561 597 Romae,
588 545 635 587 in
663 545 852 588 aedibus
883 544 1124 589 Societatis
1147 546 1276 602 Jesu,
1309 552 1471 600 quarto
1501 545 1602 588 idus
1631 546 1769 602 Apri—

115 625 169 667 lis
198 634 324 678 1553.

1269 700 1517 743 IGNATIUS.

116 850 163 884 V.
190 850 237 884 R.
264 849 340 884 Sea
357 859 432 883 eon
457 847 571 882 todos
590 848 687 893 Jesu
713 848 806 881 X.0.
829 848 889 882 De
913 847 1051 891 Roma,
1072 854 1092 890 5
1117 846 1166 881 de
1192 846 1304 881 Abril
1334 845 1576 891 1553.»—Ex
1601 849 1770 896 Rege-sto

115 910 210 951 litt„
230 909 262 954 Ι,
282 908 342 942 66.

185 969 302 1003 Plura
320 968 480 1014 insuper
494 966 731 1001 documenta
751 965 1016 1013 proficiscenti
1040 966 1084 1000 P.
1112 965 1237 1000 Nadal
1257 965 1348 1000 data
1367 971 1473 1011 sunt,
1494 979 1595 1013 quae
1615 968 1773 1003 tametsi

112 1028 152 1063 in
173 1027 372 1063 Chronico
390 1027 433 1061 P.
454 1027 673 1071 POLANCO‚
695 1026 767 1070 III⁷
787 1025 870 1070 439,
892 1025 997 1060 edita
1015 1030 1120 1069 sunt,
1141 1024 1204 1059 hie
1220 1037 1333 1060 suurn
1349 1025 1548 1073 proprium
1563 1028 1691 1062 locum
1706 1028 1771 1063 ha-

114 1090 207 1123 bere
227 1087 425 1122 videntur.
446 1086 547 1121 Sunt
565 1091 698 1120 autern
716 1085 924 1132 desumpta
944 1097 993 1120 ex
1012 1086 1180 1132 Regesto
1199 1085 1294 1127 litt„
1315 1085 1347 1131 Ι,
1367 1086 1427 1130 65.

186 1157 243 1183 «1.
297 1148 417 1182 Molte
441 1147 551 1181 firme
573 1146 612 1181 in
636 1147 792 1190 bianco,
819 1150 859 1180 et
883 1145 1035 1192 patenti
1059 1157 1133 1180 con
1159 1145 1290 1190 sigillo
1316 1151 1356 1181 et
1380 1146 1680 1182 sottoscrizione
1704 1147 1768 1182 del

116 1209 242 1244 Padre
261 1208 301 1243 in
320 1207 475 1242 bianeo.

191 1277 224 1303 2.
278 1268 366 1304 Una
386 1271 546 1313 patente
565 1265 669 1300 della
688 1277 758 1300 sua
777 1264 959 1300 autorita.
980 1265 1102 1299 Resta
1121 1266 1157 1300 la
1174 1265 1299 1312 copia.

187 1327 222 1363 3.
275 1327 363 1363 Una
382 1325 623 1361 instruzione
649 1336 718 1371 per
736 1329 848 1371 poter
867 1329 1033 1359 mostrar
1051 1329 1091 1358 et
1110 1325 1175 1359 un’
1197 1326 1295 1360 altra
1313 1330 1479 1360 secreta.

275 1388 365 1424 Una
383 1387 525 1422 lettera
542 1386 728 1431 generale
747 1385 836 1420 dell'
857 1383 1097 1420 obedientia.

273 1447 398 1494 Copia
415 1446 455 1481 di
473 1447 571 1480 altre
590 1447 732 1480 lettere
752 1445 934 1480 mandate
954 1456 975 1479 a
995 1444 1164 1490 Spagna.

275 1508 310 1543 A
330 1508 420 1543 Gio.
442 1507 560 1541 Paolo
579 1518 655 1541 una
674 1507 816 1541 lettera
834 1504 1113 1540 testimoniale.

275 1568 350 1602 Per
369 1565 607 1601 Saluatierra
627 1577 668 1600 se
688 1565 715 1600 li
733 1565 971 1600 mandarono
990 1566 1026 1599 le
1045 1563 1321 1599 constitutioni
1340 1569 1380 1599 et
1399 1566 1519 1600 molte
1537 1566 1685 1611 regole.

275 1628 354 1664 Un’
375 1628 472 1662 altra
491 1625 733 1661 instruzione
753 1626 886 1671 lunga,
910 1624 1094 1659 massime
1114 1636 1228 1670 sopra
1246 1624 1394 1659 danari.

185 1700 220 1734 9.
274 1688 433 1722 Lettere
453 1698 521 1733 per
539 1685 564 1720 il
585 1685 628 1720 P.
645 1685 865 1720 Franceseo
881 1684 919 1719 di
934 1685 1054 1719 molte
1067 1684 1195 1729 gratie
1209 1685 1281 1719 che
1302 1683 1328 1719 li
1342 1684 1583 1731 eoneedeua,
1599 1685 1638 1720 di
1652 1697 1772 1720 cauar

184 1399 222 1664 9059231÷

117 1749 261 1793 anime,
283 1752 359 1782 ete.

168 1817 223 1843 Io.
278 1807 389 1842 Altra
408 1806 484 1840 mia
504 1817 617 1851 sopra
636 1804 776 1839 Nadal.

166 1876 222 1903 ΙΙ.
276 1866 494 1902 Summario
512 1865 615 1900 delle
633 1864 760 1910 gratie
778 1864 881 1899 delle
902 1863 1114 1898 Avemarie
1133 1862 1363 1898 benedette.

169 1935 224 1962 12.
279 1926 320 1962 Si
338 1926 495 1961 rimette
514 1938 535 1960 a
552 1925 608 1960 lui
625 1923 651 1959 il
671 1923 796 1958 Padre
815 1934 929 1969 sopra
947 1923 971 1957 l’
990 1922 1110 1958 andar
1129 1922 1168 1957 in
1189 1922 1444 1957 Andalucia.»

190 1988 240 2022 Et
258 1986 397 2021 eodem
415 1985 481 2020 fol.
501 1985 546 2029 65
566 1991 627 2019 v.0

167 2055 225 2081 «Ι.
277 2046 367 2082 Una
396 2056 559 2091 procura
587 2043 788 2089 generale.
816 2043 937 2077 Resta
967 2043 1003 2076 la
1027 2041 1139 2088 copia
1157 2040 1197 2076 in
1228 2053 1318 2076 casa
1350 2041 1412 2076 del
1450 2041 1602 2077 notario
1629 2042 1770 2078 Casas-

120 2107 267 2142 rubias.

194 2175 228 2201 2.
281 2166 401 2200 Molte
419 2164 529 2198 firme
549 2163 588 2198 di
606 2163 683 2198 mia
702 2173 829 2197 mano.

193 2225 227 2260 3.
281 2225 440 2260 Lettere
457 2223 520 2258 del
540 2224 706 2258 Dottore
725 2221 851 2259 Olave
871 2221 993 2256 varie.

192 2296 227 2330 4.
280 2285 440 2319 Lettere
458 2283 497 2317 di
516 2294 585 2317 sua
603 2281 744 2317 andata
762 2280 802 2316 in
821 2280 977 2326 Spagm
995 2285 1034 2315 et
1052 2279 1259 2325 authorita,
1287 2292 1356 2327 per
1380 2281 1609 2326 Bamelona,
1630 2281 1773 2316 Valen-

124 2345 192 2391 tia,
213 2343 380 2388 Gaudia,
402 2343 544 2387 Ara02‚
564 2342 729 2376 Miron.»

319 3102 429 3131 Epm.
451 3102 488 3129 Ρ.
509 3102 643 3135 NADAL,
664 3108 738 3128 τοΜ.
760 3100 784 3128 I.
1565 3100 1601 3128 10
