2038 3313
1188 475 1204 488 ι
1247 469 1291 506 (0)

422 524 521 561 Cum
547 537 657 573 opus,
683 525 745 561 cui
771 525 907 562 titulus
932 532 1009 562 est&
1041 526 1243 574 Epistolae
1270 527 1317 562 P.
1344 526 1583 573 Hieronymi
1608 526 1757 569 Nadal,
1785 528 1993 563 Societatis

341 585 456 632 jesu,
476 587 525 621 ab
543 598 650 621 amm
669 587 768 630 1546
785 588 839 622 ad
856 596 960 632 1577.
980 600 1088 622 ‘nunc
1101 589 1286 635 primum
1305 588 1434 623 editae
1454 590 1490 622 et
1508 588 1739 622 illustratae
1758 600 1781 622 a
1802 589 1994 624 Patribus

347 646 524 691 ejusdem
546 647 766 688 societatis,
787 647 905 693 aliqui
920 647 1097 693 ejusdem
1118 647 1327 683 Societatis
1345 647 1561 693 revisores,
1581 648 1724 694 quibus
1749 648 1787 683 id
1812 650 1992 684 commis-

347 718 434 741 sum
452 706 546 750 fuit,
562 707 867 752 recognoverint
885 713 923 742 et
943 708 982 742 in
1000 709 1128 742 lucem
1148 708 1211 743 edi
1230 720 1345 755 posse
1365 708 1635 754 probaverint,
1655 708 1882 744 facultatem
1901 721 1991 744 con—

346 766 522 801 cedimus
542 772 584 802 ut
603 767 707 814 typis
727 767 947 814 mandetur,
968 768 1000 802 si
1019 767 1073 803 ita
1092 768 1159 814 iis,
1179 768 1228 803 ad
1246 780 1343 815 quos
1362 768 1552 816 pertinet,
1575 768 1786 804 videbitur.

416 827 460 861 In
479 838 642 873 quorum
661 827 777 862 fidem
793 829 861 862 has
881 828 1047 874 litteras,
1065 841 1179 864 mann
1194 834 1327 864 nostra
1341 829 1600 875 subscriptas,
1616 835 1655 864 et
1670 829 1800 874 sigillo
1819 829 1991 865 muneris

345 887 468 922 nostri
488 887 671 931 munitas,
687 887 880 923 dedimus.

417 947 564 982 Matriti
579 973 588 991 ‚
607 947 670 982 die
691 946 735 982 23
755 948 862 993 Junii
884 947 988 993 1898.

1395 1009 1587 1054 JACOBUS
1608 1008 1730 1052 Vico,

1352 1070 1502 1115 Praep.
1528 1070 1648 1104 Prov.
1677 1069 1798 1103 Tolet.

1177 1479 1436 1526 Imprimatur.

415 1539 573 1585 Matriti,
593 1539 657 1574 die
677 1549 721 1584 24
742 1539 847 1585 Junii
871 1540 973 1584 1398.

865 1601 892 1645 †
911 1601 1130 1645 JOSEPHUS
1150 1600 1306 1645 MARIA,
1329 1600 1891 1647 Archiepiscopus-Episcopus

971 1658 975 1663 '
1046 1659 1048 1661 ’
1119 1660 1316 1695 Matriten.
1339 1667 1378 1695 et
1397 1660 1649 1707 Compluten.

763 2082 1203 2125 PROTESTATIO
1239 2083 1565 2125 EDITORUM

408 2204 463 2239 Ut
481 2203 635 2248 legibus
655 2202 703 2237 ab
722 2203 883 2238 Urbano
909 2202 1023 2245 VIII,
1050 2213 1201 2236 summo
1227 2201 1431 2247 pontifice,
1451 2201 1514 2236 die
1533 2200 1575 2235 13
1595 2201 1724 2236 Martii
1746 2201 1855 2245 1625,
1876 2209 1896 2245 5
1916 2202 1981 2247 Ju-

335 2263 389 2298 nii
424 2262 527 2307 1631,
560 2269 653 2309 etc.,
685 2262 788 2303 latis,
821 2273 865 2296 ac
890 2261 1032 2296 Sacrae
1063 2261 1224 2297 Rituum
1255 2261 1585 2307 Congregationis
1613 2261 1782 2296 decretis
1801 2260 1981 2305 satisfiat,

334 2323 505 2358 editores
541 2323 772 2370 profitentur
805 2333 1075 2369 quaecumque
1109 2323 1149 2357 in
1179 2324 1252 2358 hoc
1283 2333 1401 2369 opere
1436 2322 1484 2357 de
1520 2322 1719 2356 hominurn
1752 2320 1979 2366 virtutibus,

332 2382 542 2427 miraculis,
562 2382 886 2429 revelationibuS,
905 2382 1070 2428 aliisque
1094 2388 1256 2417 naturae
1288 2382 1366 2416 vim
1398 2388 1438 2417 et
1468 2380 1732 2416 conditionem
1764 2379 1980 2427 superanti-

332 2444 420 2489 bus,
440 2443 677 2489 referuntur,
696 2443 750 2478 ita
769 2454 810 2477 se
831 2443 933 2478 velle
960 2442 1144 2488 intelligi,
1172 2448 1215 2477 ut
1242 2454 1262 2477 a
1290 2442 1441 2489 privata
1464 2446 1615 2477 tantum
1642 2440 1874 2476 auctoritate
1891 2451 1978 2486 pro-

332 2503 448 2547 fecta,
469 2509 508 2538 et
526 2504 694 2538 humana
713 2508 864 2538 tantum
881 2502 957 2537 fide
976 2502 1095 2548 digna
1114 2515 1201 2538 esse
1220 2507 1470 2547 censeantur,
1497 2501 1573 2536 nisi
1599 2506 1757 2536 sanctae
1776 2499 1976 2538 Ecclesiae

333 2563 614 2609 approbatione
634 2562 926 2598 confirmentur.
