2038 3313
870 179 1074 224 1545-1546
1754 188 1794 224 15

144 293 266 330 esset
294 285 443 328 tenuis
472 285 622 327 adhuc
646 284 870 333 fortunae,
906 288 1058 323 tamen
1087 280 1264 336 parauit
1292 279 1401 322 mihi
1429 279 1691 322 cubiculum
1721 296 1797 323 or-

147 363 264 406 natis
287 362 466 418 tapetis;
492 361 691 404 habebat
713 357 816 418 [me]
838 358 885 400 in
907 359 1080 400 honore
1103 372 1297 409 summo,
1329 363 1379 398 vt
1407 357 1541 412 plane
1569 356 1680 399 nihil
1709 372 1796 413 ego

145 441 193 483 in
215 455 269 484 ea
291 446 419 496 parte
442 438 762 482 desiderarem.
789 437 958 479 Fuerat
976 434 1156 477 auditor
1174 433 1402 477 Maioricis
1425 433 1662 476 institutus
1685 449 1797 490 puer

144 533 171 561 a
195 517 370 573 Moripo
397 518 425 560 ¹:
454 517 601 559 fuerat
624 514 763 571 patris
786 512 875 556 mei
898 511 1239 567 condiscipulus
1262 511 1308 553 in
1332 511 1514 554 scholis.

237 607 311 649 41.
377 594 517 650 Apud
540 592 790 635 auditorem
814 589 958 632 mansi
979 603 1034 644 30
1052 588 1229 640 diebus,
1252 588 1418 644 quibus
1437 589 1569 643 plane
1587 595 1710 630 totus
1734 588 1798 630 fui

145 672 295 715 animo
319 671 564 714 distractus
587 684 640 712 ac
662 667 923 723 dissipatus,
951 673 1002 708 ut
1025 680 1127 708 cum
1146 665 1193 707 in
1211 665 1355 721 patria
1372 665 1548 707 nullum
1568 666 1660 708 fere
1678 665 1796 708 diem

145 749 413 800 omisissem,
440 762 530 803 quo
553 762 644 789 non
666 745 832 788 missae
853 759 1031 787 sacrum
1057 742 1283 794 fecissem,
1307 756 1362 797 30
1385 742 1471 784 illis
1494 742 1655 785 diebus
1677 757 1797 786 nun-

144 841 280 882 quam
309 824 603 881 applicuerim
634 822 833 866 animum
872 822 929 864 ad
968 820 1150 879 missam
1180 820 1520 872 celebrandum,
1555 834 1749 863 errarem
1781 822 1795 840 ‘·'

145 905 339 946 multum
378 917 457 959 per
494 903 669 953 vrbem,
703 899 880 943 curiose
918 898 1202 953 inquirebam
1233 904 1529 940 monumenta
1558 897 1799 940 vetustatis

146 995 376 1032 romanae,
402 979 681 1023 ventitabam
707 986 802 1020 tum
826 978 883 1019 ad
909 979 958 1019 P.
987 975 1233 1032 Ignatium,
1267 989 1357 1030 quo
1380 989 1453 1017 me
1475 975 1674 1018 ducebat
1697 974 1799 1030 qui-

145 1060 248 1102 dem
272 1058 456 1114 spiritus
479 1056 581 1109 Dei3
609 1055 842 1098 daemonis
867 1056 880 1075 ³
906 1053 1017 1096 nihil
1041 1053 1294 1104 omittebat,
1322 1067 1413 1108 quo
1436 1054 1492 1095 ab
1510 1052 1585 1095 illa
1602 1039 1799 1095 consue-

147 1135 306 1179 tudine
328 1150 400 1178 me
422 1135 649 1190 depellere
671 1140 840 1189 posset.
869 1132 1065 1175 Multum
1089 1130 1199 1172 mihi
1224 1132 1275 1173 P.
1305 1132 1487 1185 Laynez
1505 1139 1550 1173 et
1567 1132 1799 1173 Domene-

145 1228 228 1256 cus
245 1214 302 1256 de
320 1211 545 1255 exercitiis
563 1211 871 1261 inculcabant,
893 1224 1052 1251 verum
1071 1223 1159 1264 ego
1177 1208 1276 1250 illos
1294 1207 1602 1264 negligebam:
1616 1207 1800 1250 vocauit

146 1306 219 1334 me
242 1291 298 1333 ad
316 1289 554 1346 prandium
574 1302 916 1343 nonnumquam
936 1285 1159 1342 Ignatius,
1181 1292 1226 1328 et
1243 1286 1476 1328 moderate
1493 1299 1671 1328 mecum
1690 1300 1788 1341 age—

148 1369 226 1412 bat
249 1375 294 1411 et
317 1367 512 1410 dulciter
535 1381 616 1422 pro
639 1380 723 1408 suo
746 1379 886 1407 more.

237 1458 309 1499 42.
377 1446 533 1500 Quum
558 1443 670 1485 nihil
694 1441 802 1484 mihi
826 1448 981 1496 aperte
1002 1442 1267 1495 loqueretur
1288 1441 1346 1483 de
1375 1447 1521 1482 status
1550 1439 1801 1482 mutatione

148 1523 371 1580 Ignatius,
397 1536 485 1578 ego
509 1521 634 1563 illum
659 1535 684 1563 a
706 1518 896 1575 prandio
920 1519 1059 1561 semel
1089 1517 1375 1573 compellaui,
1409 1532 1576 1573 rogans
1605 1516 1798 1572 primum

148 1608 197 1643 vt
220 1600 330 1643 alios
356 1603 515 1643 Patres
538 1598 715 1641 iuberet
738 1597 967 1640 secedere.
999 1595 1087 1638 «Hi
1111 1595 1324 1652 linquam)
1351 1597 1510 1637 Patres
1532 1595 1674 1636 multa
1691 1594 1799 1635 mihi

146 1678 394 1721 infarciunt
423 1676 640 1734 (similiter
669 1676 804 1718 credo
839 1688 911 1717 me
940 1688 1040 1716 esse
1067 1673 1285 1728 locutum)
1315 1673 1372 1715 de
1401 1671 1649 1724 exerciciis,
1683 1686 1799 1727 quae

146 1770 235 1812 ego
263 1771 355 1798 non
383 1770 483 1797 sum
513 1753 694 1797 nescius
722 1767 940 1807 quorsum
969 1757 1199 1807 spectent,
1239 1758 1287 1792 vt
1316 1750 1489 1793 scilicet
1518 1749 1638 1792 vitae
1666 1749 1785 1791 insti—

148 1840 298 1875 tutum
316 1840 360 1875 et
378 1839 546 1874 statum
565 1837 753 1881 mutem,
775 1839 821 1872 et
838 1830 894 1871 ad
912 1843 993 1871 vos
1010 1827 1206 1870 veniam:
1224 1842 1313 1882 qua
1330 1826 1376 1869 in
1394 1841 1442 1870 re
1460 1827 1564 1870 volo
1583 1826 1796 1883 (inquam)

148 1917 193 1953 te
216 1909 469 1965 intelligere
491 1909 634 1950 multa
657 1922 712 1950 ex
735 1921 823 1958 me,
850 1920 966 1960 quae
990 1904 1163 1948 faciunt
1194 1912 1244 1947 vt
1274 1920 1365 1947 non
1393 1903 1548 1947 videar
1577 1910 1711 1959 aptus
1741 1905 1797 1946 ad

148 1995 349 2030 vestrum
383 1986 503 2028 vitae
535 1984 841 2028 institutum.»
880 1982 968 2026 Hic
1000 1997 1135 2025 narro
1167 1981 1230 2024 illi
1265 1996 1455 2037 syncere
1494 1981 1587 2024 fere
1624 1980 1797 2036 reliqua

145 2065 298 2107 omnia
320 2064 441 2106 vitae
463 2078 591 2106 meae
613 2061 913 2112 incommoda,
940 2066 1118 2116 praeter
1141 2065 1342 2115 peccata3
1370 2073 1486 2113 quae
1503 2072 1606 2101 cum
1625 2065 1797 2100 attente

147 2150 209 2193 et,
250 2142 287 2185 si
326 2149 448 2184 recte
485 2139 684 2190 memini,
726 2138 969 2181 subridens
1008 2136 1273 2188 audiuisset,
1315 2135 1547 2192 respondit
1575 2135 1793 2178 suauiter:

153 2221 321 2262 «Recte
345 2234 415 2261 res
438 2219 591 2270 habet3
614 2232 704 2259 non
722 2215 865 2259 deerit
887 2215 933 2257 in
952 2214 1181 2271 Societate
1204 2229 1293 2268 qua
1310 2213 1356 2255 in
1373 2228 1421 2256 re
1435 2212 1579 2269 possis
1598 2227 1796 2269 occupa—

150 2295 202 2349 ri,
229 2296 265 2338 si
288 2295 513 2339 Dominus
538 2302 582 2337 te
604 2294 660 2337 ad
683 2308 781 2336 eam
804 2291 1040 2335 vocauerit
1062 2292 1124 2333 4.»
1148 2291 1232 2347 Egi
1261 2290 1403 2347 igitur
1427 2297 1584 2346 postea
1606 2289 1723 2332 serio
1740 2289 1797 2331 de

150 2373 392 2427 exercitiis,
419 2372 659 2414 difficulter
683 2370 864 2426 quidem
881 2369 1166 2426 repperiebat
1190 2368 1467 2420 cubiculum,
1496 2382 1585 2422 quo
1609 2367 1786 2410 secede-

150 2465 243 2494 rem
283 2457 327 2493 et
356 2463 606 2500 exercerer,
642 2451 805 2491 Petrus
844 2446 1062 2491 Sentinus
1091 2445 1164 2489 cui
1197 2446 1383 2488 dederat
1411 2445 1522 2505 illud
1551 2443 1794 2500 negocium

152 2530 205 2571 Ρ.
232 2528 452 2584 Ignatius3
479 2527 672 2569 iusserat
700 2524 840 2576 enim,
875 2524 1039 2567 timens
1068 2523 1240 2566 scilicet
1263 2538 1385 2565 meas
1413 2521 1735 2565 melancholias
1760 2522 1792 2572 ⁵,

225 2771 232 2789 ¹
287 2767 375 2801 Non
394 2770 555 2813 apparet
574 2776 621 2798 an
641 2763 828 2810 scriptum
847 2763 898 2798 sit
916 2763 1091 2810 IlIorz'go,
1112 2763 1174 2798 vel
1194 2762 1367 2809 Λίονίρο,
1389 2763 1450 2797 vel
1471 2761 1574 2796 aliud
1594 2761 1735 2795 simile.

222 2831 235 2849 2
289 2827 367 2872 Sie;
388 2826 414 2861 i.
435 2838 469 2861 e.
490 2825 693 2861 errabam.

224 2889 237 2907 ⁵
289 2887 398 2932 Scil.,
415 2886 585 2933 spiritus
603 2884 823 2919 daemonis.

225 2950 239 2969 '⁴
290 2946 389 2981 Vide
408 2945 523 2990 infra,
544 2946 739 2990 JIMENEZ‚
762 2942 998 2983 Comment„
1019 2954 1057 2976 n.
1082 2951 1137 2986 15.

288 3005 388 3041 Vide
406 3004 521 3050 infra,
541 3016 578 3038 n.
598 3012 645 3048 44
662 3002 776 3048 hujus
799 3001 1000 3037 chronici.
