2038 3313
304 183 374 210 xvi
875 173 1122 208 PRAEFATIO
1149 179 1384 208 GENERALJS

300 279 487 330 dendas,
514 277 605 321 acri
629 277 732 321 stilo
750 284 794 320 et
818 291 994 320 summa
1023 275 1277 319 eruditione
1306 275 1564 320 lucubravit
1590 277 1618 319 ¹.
1647 276 1839 329 Deinde,
1876 284 1945 320 to—

300 356 390 399 tius
407 355 602 399 instituti
621 354 862 400 Societatis
881 353 1166 411 apologetica
1183 354 1342 408 oratio,
1363 369 1498 410 quam
1517 369 1694 397 summa
1711 354 1948 411 diligentia

302 433 520 485 confecit,
562 440 607 476 et
644 432 862 476 cardinali
900 434 1174 475 Borromaeo
1212 431 1417 475 exhibuit
1455 446 1537 489 pro
1567 432 1946 475 constitutionum

302 512 465 568 Ignatii
510 511 738 567 primaeva
778 511 921 553 forma
960 509 1334 566 redintegranda,
1378 525 1495 566 quae
1533 512 1618 554 sub
1655 510 1949 567 pontificibus

303 590 447 632 Paulo
470 590 531 632 IV
561 596 606 632 et
630 587 714 631 Pio
738 589 778 631 V
802 587 1009 630 nonnihil
1038 587 1275 630 immutata
1297 588 1445 630 fuerat
1469 589 1501 630 ².

392 669 634 709 Tractatus
674 665 822 709 Patris
859 665 1022 718 Nadal,
1062 664 1221 721 lingua
1258 665 1399 708 latina
1431 666 1683 722 generatim
1716 665 1953 722 perscripti

304 751 426 798 sunt,
453 751 502 786 ut
520 744 711 796 Scholia,
731 745 867 786 Ratio
884 744 1155 796 stzcdz'ormrz,
1174 744 1382 800 Dialogi,
1400 745 1729 786 Annotation'es
1746 745 1796 787 in
1814 758 1953 786 evem—

298 823 440 879 gelia,
466 822 737 874 Clzronicon,
756 825 796 864 et
812 821 1153 878 Eplzemerides.
1176 821 1355 877 Scripta
1371 836 1480 865 vero
1497 821 1683 874 leviora,
1706 829 1756 864 ut
1772 822 1951 878 Episto-

302 901 384 952 lae,
408 899 652 956 Opzcsculcz,
675 906 783 952 etc.,
810 898 974 955 partim
996 899 1152 951 latine,
1180 897 1343 955 partim
1365 898 1601 955 hispanice
1622 900 1696 942 vel
1717 899 1884 954 italice,
1910 907 1956 943 et

303 977 531 1020 interdum
541 976 837 1020 lemovicensi
854 976 990 1020 etiam
1008 991 1217 1020 sermone
1233 976 1483 1033 composita
1500 978 1643 1020 fuere.
1667 978 1799 1033 Quae
1816 976 1955 1020 latine

303 1054 498 1111 scripsit,
540 1062 585 1098 et
623 1054 897 1107 emendavit,
940 1062 991 1097 ut
1029 1050 1222 1108 Scholia,
1261 1056 1589 1098 Amzotationes
1618 1056 1669 1098 in
1698 1056 1951 1112 evangelia,

301 1133 508 1189 Dialogz',
547 1140 656 1186 etc.,
698 1139 911 1175 accurate
948 1132 1057 1176 satis
1095 1133 1336 1176 lucubrata
1372 1133 1607 1185 videntur,
1649 1132 1686 1175 si
1726 1134 1947 1189 quaedam

302 1210 655 1267 orthographiae
677 1211 856 1263 menda,
884 1217 994 1253 tunc
1024 1210 1239 1266 temporis
1267 1218 1336 1253 sat
1365 1211 1639 1263 communia,
1667 1218 1712 1254 et
1733 1210 1780 1253 in
1802 1211 1953 1254 Nadal

305 1287 638 1344 frequentiora,
685 1287 986 1344 excipiantur.
1034 1289 1167 1344 Quae
1210 1296 1364 1331 autern
1406 1288 1640 1344 hispanice
1682 1289 1756 1332 vel
1805 1287 1955 1332 italice

306 1365 501 1422 scripsit,
543 1380 647 1409 cum
685 1373 848 1410 neutra
891 1365 1050 1423 lingua
1092 1365 1178 1422 ipsi
1216 1365 1436 1409 naturalis
1475 1366 1632 1420 fuerit,
1675 1374 1742 1410 tot
1779 1374 1955 1410 scatent

308 1443 632 1500 grammaticae
649 1452 694 1487 et
711 1443 1064 1500 orthographiae
1080 1443 1218 1496 vitiis,
1239 1444 1503 1500 praesertim
1522 1459 1627 1488 cum
1649 1459 1727 1501 per
1750 1444 1955 1487 librarios

307 1529 490 1565 exarata
513 1523 714 1574 fuerunt,
746 1530 797 1564 ut
819 1529 986 1565 cuncta
1008 1529 1155 1565 errata
1178 1529 1336 1565 notare
1359 1530 1404 1565 et
1426 1522 1656 1579 corrigere
1677 1523 1800 1566 haud
1824 1521 1954 1565 facile

306 1607 352 1643 et
374 1599 506 1643 nimis
529 1601 769 1643 molestum
793 1600 1040 1644 lectoribus
1063 1600 1303 1644 accideret.
1326 1601 1524 1656 Ideoque
1542 1607 1717 1644 tantum
1736 1601 1954 1643 nonnulla

307 1678 648 1732 annotabimus,
675 1693 792 1734 quae
814 1680 872 1722 ad
894 1693 1078 1722 sensum
1101 1678 1373 1735 scriptorum
1396 1678 1667 1734 capiendum
1697 1678 1842 1735 magis
1871 1693 1952 1722 ne—

305 1756 501 1800 cessaria
515 1756 809 1809 videbuntur,
824 1763 1004 1800 caetera
1019 1756 1233 1813 prudenti
1249 1756 1407 1800 lectori
1424 1758 1706 1800 emendanda
1723 1757 1951 1814 relinque--

307 1849 424 1877 mus.
440 1835 585 1878 Nemo
602 1834 744 1891 igitur
761 1834 965 1887 miretur,
989 1834 1065 1877 ubi
1082 1836 1196 1877 haec
1213 1841 1258 1877 et
1276 1834 1362 1877 alia
1379 1834 1540 1877 similia
1556 1834 1602 1877 in
1619 1835 1814 1891 scriptis,
1836 1848 1953 1890 quos

308 1912 500 1965 edimus,
525 1912 692 1969 passim
715 1912 931 1969 reperiat:
964 1913 1152 1955 Lutecia
1180 1927 1261 1969 pro
1291 1913 1485 1965 Lutetia,
1507 1914 1709 1970 fortasis
1738 1928 1819 1969 pro
1850 1914 1950 1963 for—

309 1992 457 2042 tassis,
475 1990 704 2046 dificultas
720 2005 802 2047 pro
820 1990 1089 2049 difficultas,
1102 1990 1328 2045 presbiter
1345 2005 1426 2046 pro
1437 1991 1684 2047 presbyter,
1708 1991 1856 2033 dester
1873 2005 1953 2047 pro

306 2068 476 2121 dexter,
488 2069 638 2111 Araos
655 2083 736 2124 pro
749 2070 915 2120 Araoz,
929 2069 1054 2124 reyal
1071 2083 1151 2124 pro
1169 2069 1279 2121 real,
1292 2076 1337 2111 et
1355 2068 1477 2114 mille
1494 2068 1580 2111 alia
1591 2068 1637 2111 id
1654 2083 1818 2125 genus,
1836 2083 1953 2124 quae

309 2146 490 2201 quidem
519 2145 714 2189 libenter
741 2146 1110 2198 emendaremus,
1137 2145 1174 2188 si
1195 2147 1323 2202 leges
1352 2145 1398 2188 in
1427 2145 1626 2189 editione
1654 2147 1953 2190 documento-

308 2238 407 2266 rum
419 2224 515 2279 jam
532 2223 698 2266 nostris
721 2223 882 2266 diebus
905 2223 1206 2266 communiter
1222 2232 1432 2281 receptae
1453 2223 1499 2266 id
1527 2223 1710 2267 minime
1726 2231 1946 2269 vetarent,

399 2300 504 2344 Alia
531 2315 602 2344 res
631 2315 722 2344 non
753 2300 981 2344 modicum
1010 2300 1056 2342 in
1085 2302 1170 2343 hac
1199 2301 1470 2357 scriptorum
1496 2304 1547 2345 P.
1580 2302 1723 2345 Nadal
1755 2300 1952 2344 editione

308 2378 543 2435 negotium
567 2378 697 2421 nobis
722 2379 965 2431 facessivit;
993 2381 1382 2435 autographorum
1399 2379 1610 2423 videlicet
1626 2378 1821 2435 pessima
1838 2378 1951 2422 scri-

307 2464 454 2513 ptura.
496 2456 772 2500 Inconcinne
800 2457 1043 2499 admodum
1073 2464 1118 2499 et
1145 2458 1277 2500 valde
1308 2458 1497 2500 confuse
1525 2457 1698 2500 litteras
1732 2457 1950 2513 pingebat

303 2536 451 2578 bonus
471 2537 522 2579 P.
550 2535 713 2587 Nadal,
734 2535 856 2589 quod
879 2534 1060 2589 quidem
1078 2534 1226 2590 lepide
1244 2534 1418 2578 notavit
1436 2537 1491 2578 D.
1514 2536 1689 2578 Gomez
1707 2536 1878 2579 Suarez
1895 2535 1952 2578 de

307 2613 549 2670 Figueroa,
583 2615 623 2656 V
653 2627 804 2656 comes
842 2612 899 2655 de
931 2612 1077 2665 Feria,
1120 2612 1212 2668 qui,
1254 2627 1357 2656 cum
1387 2612 1697 2669 conspexisset
1725 2613 1908 2659 litterasz
1927 2628 1952 2656 a

310 2693 362 2734 P.
396 2692 542 2735 Nadal
574 2697 796 2742 exaratas,
828 2689 890 2732 ait
919 2689 1019 2732 illos
1046 2689 1197 2746 apices
1220 2705 1319 2734 esse
1342 2689 1530 2745 primam
1555 2706 1664 2743 rem,
1692 2705 1827 2746 quam
1857 2690 1953 2746 ipse

309 2783 542 2824 perperam
566 2769 730 2811 factam
753 2767 941 2810 vidisset
969 2767 1015 2809 in
1039 2767 1267 2811 Societate
1292 2769 1323 2811 ⁵.

383 2896 390 2914 ⁴
446 2893 544 2928 Vide
564 2893 660 2928 Cod.
686 2902 740 2938 123
762 2899 801 2928 et
821 2892 1071 2940 Appendices
1087 2893 1126 2928 in
1146 2894 1334 2929 POLANCI
1356 2895 1522 2937 Clzron„
1545 2896 1613 2941 ΙΙΙ,
1633 2903 1700 2940 527
1721 2902 1761 2931 et
1779 2908 1860 2943 seq.

381 2956 394 2974 ²
446 2953 546 2988 Vide
565 2952 664 2988 Cod.
688 2962 743 2998 14.

380 3014 392 3034 ⁵
444 3013 501 3048 Ex
529 3014 693 3060 epistola
718 3013 761 3047 P.
787 3012 1047 3048 Rivadeneira
1073 3014 1120 3049 ad
1146 3025 1261 3061 supra
1294 3014 1492 3049 laudatum
1524 3015 1708 3054 comitem
1739 3015 1787 3051 de
1820 3016 1947 3063 Feria²
