2038 3313
314 211 339 237 x
882 202 1128 242 PRAEFATIO
1155 208 1391 237 GENERALIS

315 311 513 361 ereptus,
540 306 802 354 Ruthenum
831 303 976 360 petiit,
1007 302 1087 347 ubi
1117 304 1174 347 de
1201 303 1394 361 collegio
1422 302 1701 347 instituendo
1729 318 1833 347 cum
1862 319 1965 347 car-

313 382 451 426 dinali
473 382 584 438 egit,
611 389 670 434 et,
698 381 951 425 billomensi
970 388 1015 425 et
1034 381 1299 425 turnonensi
1322 381 1526 439 collegiis
1547 381 1846 438 perlustratis,
1868 383 1962 427 Lu-

318 459 471 503 tetiam
495 474 598 503 cum
624 459 869 502 Paschasio
893 461 1032 503 Broet
1060 458 1249 502 feliciter
1271 459 1492 516 pervenit.

404 538 513 582 Inde
541 537 586 579 in
627 537 852 593 Belgium,
895 544 940 580 et
972 536 1263 580 Germaniam
1298 537 1490 580 transiit.
1528 537 1674 582 Sociis
1707 537 1887 581 assidue
1916 537 1959 586 in

316 615 489 658 haeresi
513 615 781 671 extirpanda
803 622 848 658 et
869 614 1104 658 catholicis
1127 615 1448 658 confirmandis
1471 615 1813 668 desudantibus,
1844 631 1964 659 nova

316 692 410 736 suis
428 693 610 736 monitis
633 692 758 736 addit
780 692 987 744 calcaria,
1013 699 1212 736 moestos
1234 693 1421 745 solatur,
1443 699 1721 749 opportunas
1744 707 1824 749 pro
1849 700 1964 736 tem—

316 785 423 826 pore
447 771 585 827 pestis
608 770 939 814 admonitiones
962 770 1186 827 suggerit,
1208 770 1253 813 in
1271 771 1384 813 duas
1402 769 1657 826 provincias
1673 770 1964 814 Germaniam

318 847 480 891 dividit
500 849 660 905 (1563).

407 928 596 969 Ineunte
620 941 738 969 anno
778 927 903 981 1564,
931 941 1035 969 cum
1067 928 1118 969 P.
1158 926 1325 969 Lainez
1363 933 1552 969 mortem
1583 925 1787 982 oppetiit,
1821 926 1981 969 Nadal

319 1019 505 1048 munere
528 1004 715 1048 rectoris
734 1003 915 1060 collegii
932 1003 1106 1046 romani
1125 1004 1420 1060 fungebatur,
1442 1018 1532 1059 quo
1550 1003 1596 1046 in
1614 1003 1762 1047 officio
1780 1010 1965 1046 strenue

318 1082 586 1126 allaboravit
608 1096 752 1137 usque
775 1082 831 1124 ad
855 1081 960 1125 anni
1001 1082 1112 1136 1566
1135 1081 1277 1134 initia,
1310 1096 1451 1137 quum
1480 1081 1597 1124 inter
1622 1095 1676 1136 30
1701 1081 1856 1133 ferme,
1889 1079 1965 1136 qui

323 1159 404 1205 Pio
430 1162 522 1203 PP.
550 1162 590 1203 V
620 1159 837 1216 propositi
862 1159 1043 1202 fuerant
1073 1159 1166 1216 apti
1195 1159 1431 1216 paratique
1453 1160 1510 1202 ad
1539 1159 1822 1215 pergendum
1853 1173 1967 1213 quo—

320 1252 450 1293 eumq
459 1252 515 1281 ue
536 1237 621 1294 ipsi
638 1237 885 1289 videretur,
908 1237 1055 1280 Nadal
1072 1244 1117 1279 et
1135 1238 1355 1281 Ledesma
1372 1253 1397 1280 a
1415 1236 1630 1293 pontifice
1645 1235 1799 1279 selecti
1823 1236 1964 1287 fuere,

321 1315 398 1370 qui
422 1316 478 1357 ad
502 1321 811 1371 augustanum
835 1321 1113 1358 conventum
1136 1315 1546 1371 proficiscerentur.

411 1393 541 1437 Sicut
578 1392 785 1449 Ignatius
823 1399 868 1436 et
896 1392 1085 1445 Lainez,
1112 1393 1174 1436 ita
1203 1394 1250 1438 S.
1283 1395 1318 1436 F
1323 1392 1555 1436 ranciscus
1593 1393 1650 1435 de
1686 1391 1822 1447 Borja
1859 1391 1970 1433 nulli

320 1471 468 1527 aptius
492 1485 625 1526 quam
651 1471 798 1514 Nadal
836 1470 1080 1514 visitatoris
1119 1470 1396 1527 provinciam
1435 1470 1734 1526 delegandam
1773 1467 1966 1512 censuit.

322 1551 436 1591 Eum
460 1548 601 1605 igitur
623 1549 679 1591 ad
697 1548 990 1592 Germaniam
1010 1550 1371 1605 perlustrandam
1391 1548 1527 1600 misit,
1550 1549 1818 1602 fructusque
1836 1547 1971 1589 uber—

323 1626 458 1669 rimos
475 1641 531 1669 ex
548 1628 633 1669 hac
651 1626 910 1670 visitatione
924 1627 1107 1683 collegit
1126 1626 1329 1672 Societas
1346 1626 1392 1668 in
1404 1625 1650 1670 Germania
1665 1625 1813 1683 (1566-
1826 1623 1966 1679 1568).

412 1706 600 1747 Romam
639 1719 892 1761 regressus,
923 1704 969 1747 in
994 1704 1142 1747 Patris
1171 1706 1320 1748 Araoz
1349 1705 1522 1757 locum,
1555 1702 1772 1746 assistens
1801 1701 1970 1758 Hispa—

324 1781 424 1825 niae
447 1782 721 1835 nominatur,
748 1789 793 1826 et
815 1783 994 1826 duobus
1017 1789 1120 1839 post
1142 1782 1288 1835 annis,
1317 1781 1487 1839 Borgia
1510 1781 1556 1824 in
1579 1779 1845 1837 Hispaniam
1868 1793 1970 1822 cum

325 1859 540 1902 cardinali
565 1859 874 1903 Alexandrino
897 1861 1216 1912 contendente,
1245 1863 1384 1902 to'tam
1408 1859 1697 1910 Societatem,
1718 1856 1874 1900 vicarii
1890 1871 1973 1913 ge—

326 1937 490 1980 neralis
507 1937 638 1981 titulo
661 1939 717 1980 ab
741 1937 838 1994 ipso
863 1938 1031 1994 Borgia
1053 1938 1316 1994 insignitus,
1343 1953 1518 1980 summa
1545 1935 1786 1993 prudentia
1814 1942 1859 1977 et
1880 1935 1974 1977 ala÷

327 2015 487 2058 oritate
509 2015 784 2072 gubernavit
808 2017 1114 2072 (1571-1572J1.
1144 2017 1353 2072 Cumque
1376 2016 1511 2072 paulo
1544 2021 1661 2071 post,
1684 2013 1766 2057 Pio
1796 2014 1837 2056 V
1860 2027 1973 2069 pon»

329 2092 448 2135 titice
476 2092 570 2135 vita
600 2094 772 2145 functo,
806 2092 846 2137 ei
875 2093 1131 2150 Gregorius
1170 2095 1273 2136 XIII
1306 2092 1619 2146 successisset,
1655 2091 1775 2148 apud
1807 2105 1974 2134 novum

329 2170 587 2226 pontificem
606 2186 686 2227 pro
706 2171 946 2215 Societatis
963 2171 1183 2214 institutis
1201 2171 1246 2214 in
1265 2171 1499 2228 pristinam
1518 2169 1825 2227 integritatem
1844 2168 1976 2212 resti—

330 2248 508 2291 tuendis
531 2264 698 2305 magna
720 2249 764 2291 vi
788 2257 833 2293 et
856 2250 985 2306 copia
1013 2257 1385 2306 argumentorum
1409 2249 1556 2293 Nadal
1578 2247 1821 2304 peroravit,
1853 2246 1974 2301 quod

328 2325 509 2380 quidem
533 2342 613 2382 pro
636 2327 753 2370 votis
781 2327 821 2370 ei
845 2327 1080 2381 successit,
1113 2342 1202 2382 quo
1225 2328 1282 2369 de
1310 2326 1521 2370 universa
1549 2325 1776 2370 Societate
1805 2322 1974 2379 optime

330 2403 517 2447 meritus
540 2412 623 2447 est.

417 2482 610 2525 Ultimos
634 2484 815 2526 tandem
839 2483 958 2527 vitae
981 2498 1090 2526 suae
1113 2498 1272 2534 annos,
1294 2482 1455 2538 partim
1473 2481 1618 2524 Halae
1640 2480 1686 2522 in
1709 2479 1970 2533 Germania,

327 2558 403 2600 ubi
427 2560 621 2602 absolvit
643 2560 806 2603 librum
831 2561 1174 2604 annotationum
1199 2559 1245 2602 in
1267 2558 1520 2616 evangelia,
1547 2557 1708 2615 partim
1738 2559 1907 2600 Romae
1929 2556 1975 2598 in

329 2637 462 2678 domo
485 2637 762 2692 probationis
781 2638 865 2682 Sti.
893 2639 1105 2681 Andreae
1127 2637 1366 2693 transegit3
1392 2636 1544 2691 ibique
1568 2650 1828 2692 supremum
1857 2634 1975 2677 diem

332 2714 457 2767 obiit,
484 2714 556 2757 die
581 2715 763 2758 Christo
791 2716 993 2759 redivivo
1031 2731 1178 2768 sacro,
1220 2730 1398 2758 summo
1442 2729 1590 2768 mane,
1625 2728 1648 2769 3
1673 2712 1843 2769 Aprilis
1872 2711 1977 2755 anni

341 2793 464 2845 1580,
492 2792 651 2835 aetatis
674 2808 793 2836 anno
818 2793 932 2848 73.⁰,
960 2794 1016 2836 ab
1039 2793 1137 2849 ejus
1159 2793 1205 2835 in
1229 2792 1503 2837 Societatem
1521 2791 1747 2848 ingressu,
1775 2790 1873 2845 35.⁰

426 2871 662 2914 «Staturae
687 2870 769 2912 fuit
793 2871 1012 2923 modicae,
1039 2870 1190 2927 potius
1213 2885 1346 2926 quam
1363 2869 1568 2926 pusillae,
1591 2868 1652 2911 ait
1670 2867 1923 2913 Sacchinus
1945 2868 1974 2920 ¹,

408 3042 414 3061 ¹
470 3039 574 3073 Hist.
599 3038 755 3086 Soas„
778 3044 874 3086 part.
898 3040 965 3085 lv,
987 3040 1054 3074 lib.
1078 3040 1182 3082 VIII,
1207 3051 1244 3074 n.
1266 3046 1309 3083 25
1330 3044 1369 3073 et
1389 3050 1496 3085 seqq.
