2038 3313
792 214 811 249 5
840 205 1041 250 JANUARII
1072 211 1161 247 1552
1733 209 1802 245 ¹27

943 447 1022 486 4⁰

596 559 648 599 Ρ.
686 555 1102 599 HIERONYMUS
1136 554 1356 596 NADAL

503 662 746 699 SANCTO
791 660 1054 698 IGNATIO
1098 661 1175 695 DE
1218 658 1467 697 LOYOLA

599 761 858 810 Messanae,
893 769 915 812 5
941 756 1147 815 Januarii
1183 768 1291 811 1552
1326 757 1355 799 ¹.

152 884 186 909 Ι.
207 874 392 920 Defelici
405 872 789 919 evitufundationis
803 871 977 918 collegii.
982 880 1065 904 —2.
1090 869 1260 905 Gratias
1272 882 1392 915 quam
1406 880 1608 903 mammas
1617 868 1803 915 primum

228 934 326 975 Deo,
351 932 445 968 dein
464 932 637 979 proregi
660 934 697 966 et
712 931 872 978 joanni
896 931 1039 966 Osorio
1061 930 1327 965 habendas.—
1281 939 1364 974 —-3.
1391 929 1451 963 De
1476 928 1805 963 1cniveasuta1‘e.—

227 1003 267 1037 4.
295 993 356 1027 De
371 995 590 1039 augmento
605 992 824 1026 dotationzs
838 990 1011 1037 colleoiz.
1016 998 1099 1034 —5.
1127 990 1188 1024 De
1207 989 1444 1035 quibusdam
1464 988 1716 1034 eleemosynis
1730 990 1806 1033 per

228 1053 568 1099 arclziepzscopum
589 1052 664 1086 bur
662 1063 825 1098 gensem
847 1050 1135 1097 procurandis.

965 1134 994 1192 †

253 1245 289 1275 Ι.
358 1232 520 1284 Padre3
546 1231 792 1274 benedetto
815 1229 940 1272 Iddio
970 1236 1125 1272 nostro
1155 1228 1366 1285 Signore,
1398 1229 1441 1271 13
1469 1227 1732 1270 fondatione
1759 1226 1805 1269 di

156 1316 317 1365 questa
339 1323 475 1364 opera
498 1307 534 1350 si
557 1306 762 1350 conclusi
785 1314 830 1350 et
852 1308 1060 1350 contrato
1078 1305 1207 1359 hieri,
1228 1313 1274 1348 et
1295 1305 1332 1348 si
1355 1305 1523 1362 stipulo
1545 1304 1576 1346 il
1599 1311 1815 1347 contrato

155 1387 213 1429 de
235 1393 362 1442 parte
384 1386 502 1428 della
524 1385 635 1428 citta
655 1393 700 1427 et
728 1383 773 1426 di
797 1390 925 1440 parte
953 1391 1124 1436 nostra,
1156 1383 1258 1426 cuia
1287 1382 1416 1439 copia
1444 1383 1736 1424 mandaremo
1764 1382 1809 1424 13

156 1463 397 1507 settimana
419 1462 654 1518 prossima,
686 1477 773 1504 con
801 1462 831 1503 l'
865 1461 990 1504 Iddio
1018 1461 1181 1517 gratia.
1218 1462 1284 1504 La
1315 1475 1492 1503 summa
1524 1460 1598 1503 del
1631 1466 1750 1502 tutto
1783 1460 1810 1502 0

157 1548 339 1596 questa:
366 1542 450 1583 che
472 1541 515 1583 la
537 1539 647 1582 citta
667 1540 775 1583 dota
797 1546 1173 1595 perpetuamente
1195 1538 1225 1580 il
1248 1538 1442 1594 collegio
1466 1538 1647 1595 (perche
1665 1537 1761 1579 solo
1778 1536 1808 1578 il

156 1617 352 1674 collegio
374 1632 423 1660 se
448 1618 584 1660 fonda
606 1623 651 1660 et
673 1632 764 1660 non
788 1618 816 1658 l’
842 1615 1091 1659 universita
1114 1630 1194 1672 per
1222 1616 1347 1672 hora)
1378 1616 1434 1658 de
1463 1630 1577 1658 onze
1606 1622 1807 1658 trescen-

158 1703 203 1738 to
227 1696 241 1715 ²
267 1702 311 1738 et
335 1696 474 1737 ultra:
501 1696 647 1737 anche
669 1700 1043 1750 perpetuamente
1071 1694 1190 1736 dona
1218 1693 1332 1735 vinti
1361 1700 1457 1736 otto
1486 1707 1599 1735 onze
1626 1693 1656 1734 l'
1689 1706 1817 1734 anno

158 1787 238 1828 per
258 1774 400 1815 hauer
423 1787 527 1815 casa
548 1772 605 1814 de
627 1771 910 1827 probatione,
936 1786 963 1813 0
986 1771 1115 1822 altra,
1141 1778 1186 1813 et
1208 1771 1328 1813 ultra
1349 1772 1408 1813 ha
1432 1771 1544 1813 fatto
1565 1769 1810 1812 donatione

159 1850 202 1891 al
224 1849 453 1905 colleggio
475 1850 532 1892 de
561 1856 678 1891 tutte
699 1849 728 1890 l'
754 1849 867 1890 altre
890 1862 1010 1900 case,
1041 1848 1179 1901 scole,
1211 1847 1466 1904 magazeni,
1498 1847 1642 1903 piaze,
1675 1854 1721 1889 et
1752 1846 1810 1889 de

161 1933 280 1969 tutto
303 1927 453 1981 quello
476 1927 514 1968 s’
539 1928 598 1968 ha
620 1932 853 1981 comprato
875 1932 921 1968 et
949 1925 1160 1968 edificato
1188 1925 1251 1966 fin
1280 1926 1391 1967 hora
1408 1925 1482 1967 nel
1499 1923 1742 1980 colleggio,
1764 1930 1809 1966 et

161 2018 241 2059 per
262 2018 364 2047 esso
386 2003 700 2059 consignando
723 2004 766 2046 13
788 2017 921 2058 sopra
943 2003 1070 2045 detta
1097 2002 1274 2045 rendita
1296 2003 1338 2044 al
1367 2009 1508 2045 rettor
1535 2003 1607 2044 del
1635 2001 1809 2057 colleg-

161 2081 239 2137 gio
263 2082 342 2137 qm·
357 2086 448 2136 pro
471 2084 666 2136 tempore
686 2081 856 2138 fuerit,
886 2087 980 2132 etc3
1013 2080 1026 2122 1
1056 2079 1177 2135 quali
1208 2079 1503 2122 liberamente
1531 2093 1668 2121 senza
1697 2079 1810 2121 altra

161 2173 269 2201 cosa
290 2159 333 2200 13
354 2157 507 2214 possin
531 2172 717 2200 receuer
735 2157 844 2214 ogni
863 2172 998 2209 anno,
1019 2164 1127 2210 etc.;
1149 2164 1194 2200 et
1213 2164 1332 2199 tutto
1351 2164 1513 2212 questo
1531 2171 1668 2198 senza
1685 2155 1819 2197 nullo-

163 2235 447 2291 beneplacito
470 2237 527 2278 ne
550 2234 825 2286 conditione,
851 2249 901 2278 se
923 2250 1016 2277 non
1040 2241 1201 2290 questa
1223 2234 1320 2277 sola
1342 2233 1601 2276 conditione
1624 2240 1670 2275 et
1694 2231 1810 2275 obli—

164 2312 349 2369 gatione
371 2319 541 2364 nostra,
567 2314 652 2355 che
675 2312 707 2354 il
730 2312 958 2368 colleggio
982 2311 1047 2354 sia
1070 2311 1272 2368 obligato
1296 2318 1669 2367 perpetuamente
1691 2325 1717 2352 a
1745 2310 1812 2352 far

164 2391 329 2446 legger>
354 2390 519 2445 cinque
548 2389 745 2432 lettioni:
780 2405 870 2432 una
898 2389 945 2432 in
975 2389 1287 2445 grammatica,
1320 2389 1435 2431 altra
1472 2388 1515 2430 in
1555 2387 1806 2439 humanitat,

165 2468 278 2510 altra
299 2467 345 2509 in
368 2467 610 2520 rhetorica,
636 2468 750 2510 altra
773 2466 820 2508 in
843 2481 998 2523 greco,
1024 2473 1070 2509 et
1093 2467 1206 2509 altra
1228 2466 1275 2508 in
1297 2467 1490 2519 hebreo;
1511 2465 1556 2507 di
1575 2466 1709 2508 modo
1727 2465 1812 2506 che

240 2667 250 2686 ¹
303 2665 361 2699 Ex
379 2665 607 2710 archetypo,
627 2664 666 2699 in
685 2664 815 2710 Epist.
841 2664 996 2705 Natal„
1025 2664 1056 2710 Ι,
1087 2664 1234 2710 duplici
1259 2663 1344 2709 fol.⁷
1372 2662 1393 2698 3
1419 2663 1508 2706 (86).
1539 2664 1622 2697 Hac
1647 2662 1812 2709 epistola

166 2736 259 2759 usus
279 2729 341 2759 est
358 2724 578 2769 POLANCO,
600 2722 765 2764 Clzron„
792 2724 843 2768 ΙΙ,
864 2732 927 2768 551
944 2734 952 2768 ;
979 2736 1027 2758 ex
1053 2735 1176 2770 eaque
1195 2723 1323 2758 Patris
1343 2723 1465 2757 Nadal
1486 2723 1525 2757 in
1544 2723 1662 2757 rebus
1682 2721 1812 2757 Socie-

166 2783 259 2818 tatis
277 2784 482 2818 Messanae
501 2782 778 2829 promovendis
797 2782 1003 2828 diligentia
1023 2788 1062 2817 et
1080 2783 1271 2818 industria
1290 2782 1451 2817 mirifice
1476 2782 1814 2817 commendantur.

168 2843 383 2889 Utriusque
402 2843 520 2877 etiam
540 2842 717 2888 joannis,
737 2842 785 2877 de
801 2843 912 2887 Vega
928 2843 1079 2878 scilicet
1103 2847 1144 2877 et
1168 2841 1323 2888 Osorio‚
1350 2843 1547 2889 praeclara
1566 2854 1659 2887 erga
1684 2841 1814 2876 Socie-

168 2908 289 2938 tatem
309 2904 405 2948 Jesu
424 2907 464 2937 et
482 2902 753 2936 mamertinam
767 2902 970 2937 civitatem
986 2902 1138 2946 merita,
1154 2913 1256 2937 nova
1270 2902 1377 2937 hisce
1397 2901 1538 2937 litteris
1558 2903 1643 2936 luce
1659 2900 1823 2947 perfun*

165 2961 325 2996 duntur.
346 2960 591 3007 Subscriptio
610 2965 671 2994 est
689 2961 932 3006 autographa
950 2961 994 2995 P.
1015 2960 1153 2994 Nadal.

241 3023 254 3042 ²
306 3020 370 3055 Sc.
391 3021 641 3067 septingenta
659 3025 699 3054 et
716 3019 1001 3066 quinquaginta
1020 3024 1131 3054 scuta
1150 3020 1247 3054 auri.
1269 3018 1330 3054 Cf.
1352 3019 1570 3063 POLANCO,
1591 3019 1663 3052 loc.
1684 3018 1751 3052 cit.
