2038 3313
288 178 373 223 ¹350
884 179 1036 213 E1>1s1½>
1051 178 1095 212 P.
1131 176 1379 222 NADAL——93

1088 426 1171 466 93

593 528 760 578 oTTo
796 538 1155 576 TRUCHsEss
1181 540 1282 575 ‘DE'
1314 540 1668 576 WALDEURG

754 635 963 670 cardinalis
983 640 1023 670 et
1042 635 1250 682 episcopus
1270 640 1513 681 augustanus
1555 673 1560 675 λ

792 752 844 793 Ρ.
868 739 1249 792 HIERONYMO
1270 750 1489 792 NADAL

691 865 927 920 Elvangae
970 865 1014 916 ¹,
1063 863 1356 920 IoAugusti
1402 874 1511 918 1557

305 989 340 1013 Ι.
365 978 539 1013 Litteras
557 990 594 1012 se
613 979 667 1012 ad
688 978 734 1011 Ρ.
760 977 907 1011 Lame:
925 977 1077 1011 dedisse
1096 976 1318 1023 significat,
1334 977 1476 1022 quibus
1496 977 1661 1011 Patrem
1688 976 1825 1011 Nadal
1850 977 1903 1011 ad
1920 988 1957 1011 se

378 1039 488 1073 mitti
504 1038 783 1084 postztlat.—2.
806 1037 911 1071 Eum
932 1038 1055 1071 enixe·
1068 1040 1187 1083 rogat
1204 1039 1248 1071 ut
1267 1036 1434 1072 libenter
1455 1037 1495 1072 in
1519 1036 1785 1071 Germaniam
1806 1037 1956 1077 veniat,

353 1142 358 1145 ,
379 1109 596 1144 causasque
616 1109 712 1131 suae
728 1097 949 1142 petitionis,
972 1097 1016 1130 in
1034 1097 1175 1131 scheda
1193 1096 1359 1131 seorsim
1380 1097 1458 1143 ipsi
1476 1097 1624 1142 aperit.

349 1220 366 1222 ”
402 1212 543 1254 Μο1ῒο
568 1211 684 1253 Rdo.
713 1210 759 1251 in
782 1209 965 1252 Christo
991 1211 1153 1262 Padre,
1181 1217 1268 1254 etc.

348 1318 354 1329 .
406 1302 442 1332 1.
493 1289 775 1331 »Constretto
812 1288 885 1329 dal
915 1286 1109 1343 bisogno
1139 1289 1223 1331 che
1252 1289 1311 1329 ha
1339 1288 1381 1330 la
1411 1294 1566 1330 nostra
1593 1287 1763 1331 diocesi
1793 1288 1837 1329 d'
1871 1302 1960 1329 una

310 1381 504 1423 persona
527 1372 620 1407 atta
642 1364 865 1408 aaridurre
888 1363 918 1405 il
934 1365 1062 1408 *clero
1086 1365 1129 1406 d'
1156 1380 1257 1408 essa
1280 1380 1304 1407 a
1327 1379 1419 1407 una
1440 1372 1570 1407 santa
1588 1364 1907 1409 reformatione
1926 1366 1957 1416 ³,

310 1446 505 1488 hauemo
528 1442 685 1485 scritto
708 1443 749 1484 al
773 1442 887 1484 Rdo.
918 1444 968 1484 P.
998 1443 1179 1498 Laynez
1202 1443 1217 1462 4
1242 1444 1327 1486 che
1350 1442 1379 1484 li
1402 1442 1572 1498 piaccia
1594 1457 1755 1498 operar
1784 1449 1829 1486 et
1851 1457 1962 1486 con-

386 1578 393 1595 ¹
447 1575 670 1618 «Elvangae
689 1574 952 1618 OEllwangen,
972 1585 1075 1607 nunc
1095 1573 1279 1619 oppidum
1299 1573 1411 1619 regni
1432 1574 1824 1619 wurtembergensis)
1840 1575 1959 1609 eccle—

310 1633 366 1669 sia
392 1633 624 1678 cffilegialis,
655 1631 766 1677 cujus
798 1631 1044 1678 praepositus
1079 1627 1243 1678 imperii
1264 1633 1413 1667 romani
1444 1633 1624 1680 princeps
1656 1640 1753 1680 erat,
1786 1635 1959 1677 extabat3

310 1705 425 1740 quam
461 1692 771 1738 praeposituram
806 1690 1014 1726 cardinalis
1050 1690 1145 1728 Otto
1177 1693 1376 1728 tenebatm
1405 1694 1769 1738 BRAUNSBERGER,
1805 1692 1963 1728 Canisii

314 1753 458 1799 Epist„
490 1753 539 1795 II,
565 1760 644 1795 115.

383 1814 396 1832 ‘-'
449 1812 506 1846 Ex
527 1809 721 1855 originali,
742 1810 781 1844 in
801 1810 930 1857 Epist.
952 1811 1165 1853 diversor„
1187 1812 1264 1846 vol.
1286 1812 1354 1857 M.,
1375 1812 1521 1858 duplici
1540 1812 1623 1855 fol„
1647 1821 1712 1847 120
1735 1812 1848 1857 (263).

383 1873 396 1891 3
448 1871 651 1917 Quantum
682 1871 730 1904 ab
762 1871 969 1905 honestate
1001 1871 1275 1919 etsanctitate
1303 1872 1406 1906 vitae
1432 1872 1644 1907 defecisset
1663 1874 1791 1907 clerus
1818 1873 1962 1916 invtota

310 1931 432 1965 ferme
452 1929 684 1974 Germania,
707 1942 755 1964 ex
774 1931 818 1964 B.
840 1930 989 1965 Canisii
1008 1929 1150 1965 litteris
1170 1931 1342 1966 ostendit
1361 1932 1404 1966 P.
1426 1932 1768 1967 BRAUNSBERGER
1789 1932 1828 1967 in
1847 1944 1963 1979 opere

309 2002 433 2037 nuper
451 1991 586 2035 citato,
608 1991 685 2024 vol.
708 1990 758 2035 ΙΙ,
779 2001 868 2036 pag.
889 1999 965 2036 XX,
986 1991 1088 2025 unde
1108 2003 1230 2037 pauca
1245 1991 1359 2037 juvat
1377 2003 1604 2038 excerpere,
1624 2004 1723 2038 quae
1743 1992 1791 2027 ad
1809 2005 1892 2027 rem
1912 1993 1965 2028 fa-

308 2051 430 2085 ciunt:
453 2049 710 2085 «Sacerdotes
731 2049 930 2084 ministros
950 2055 1220 2096 protestantes·
1235 2058 1421 2098 superant
1435 2053 1607 2098 crapula,
1623 2052 1884 2099 immunditia,
1901 2065 1962 2088 cu-

310 2110 512 2157 piditate».
535 2109 698 2144 «Clerus
718 2110 855 2155 [verba
874 2115 966 2145 sunt
985 2111 1028 2144 Β.
1046 2109 1209 2156 Canisii]
1225 2123 1302 2145 non
1318 2113 1401 2146 vult
1417 2123 1509 2146 vere
1525 2111 1764 2147 reformari.»
1782 2108 1964 2159 Episcopi

310 2171 350 2204 in
369 2170 636 2216 septentrione
657 2181 766 2215 spem
785 2169 1075 2205 reformationis
1095 2170 1323 2206 efficiendae
1342 2171 1424 2206 fere
1444 2171 1719 2206 abiecerunt...
1746 2173 1791 2207 In
1816 2169 1964 2219 episco-

312 2235 404 2276 patu
430 2235 647 2274 augustano
675 2229 851 2264 «infinita
876 2230 1097 2275 scandala»,
1125 2232 1275 2266 «clerus
1300 2231 1525 2266 deformis».
1554 2230 1599 2266 In
1625 2233 1721 2267 urbe
1746 2238 1963 2278 augustana

313 2289 425 2323 multi
442 2288 489 2323 de
509 2290 627 2323 rebus
646 2288 766 2323 sacris
785 2293 935 2323 temere
955 2289 1142 2336 iudicant,
1163 2302 1235 2325 nec
1254 2290 1338 2325 dies
1359 2291 1496 2337 festos,
1518 2303 1589 2326 nec
1612 2292 1757 2338 templa
1782 2303 1964 2327 reveren-

313 2354 389 2393 tur,
410 2360 487 2383 non
506 2348 697 2394 ieiunant,
718 2348 984 2383 fenerantur.»
1006 2354 1082 2384 etc.

384 2410 398 2429 4
450 2407 523 2442 Die
552 2418 574 2452 4
600 2408 772 2453 Augusti
797 2407 912 2454 hujus
945 2409 1051 2453 anni,
1076 2410 1172 2444 haec
1198 2410 1397 2445 scribebat
1417 2410 1624 2445 cardinalis
1649 2417 1892 2457 augustanus
1917 2411 1964 2447 ad

313 2469 356 2502 Β.
379 2467 594 2503 Canisium:
618 2468 701 2502 «De
720 2468 924 2513 Theologo
949 2480 1079 2503 coram
1104 2481 1192 2504 cum
1219 2471 1267 2504 D.
1295 2471 1343 2504 V.
1370 2470 1516 2505 diutius
1542 2482 1670 2516 agam.
1700 2471 1811 2506 Mitto
1839 2472 1965 2507 Reue-

309 2527 434 2562 rendo
455 2529 503 2562 D.
526 2527 684 2573 Laynez
703 2539 792 2562 curn
811 2539 899 2562 meo
924 2528 1112 2564 fasciculo
1138 2524 1275 2564 literas
1297 2536 1470 2577 vestras,
1491 2531 1592 2578 apud
1611 2543 1727 2578 quem
1754 2531 1871 2566 etiam
1898 2543 1966 2578 pro

311 2580 514 2632 Theologo
534 2587 726 2621 instabo.»
748 2588 1108 2635 BRAUNSBERGER,
1124 2590 1198 2624 loc.
1215 2590 1298 2634 cit.,
1317 2591 1366 2634 ΙΙ,
1387 2591 1583 2635 116.——5.a
1598 2602 1691 2625 vero
1707 2590 1966 2637 Septembris,

313 2648 409 2681 haec
427 2646 475 2680 de
496 2645 633 2681 eadem
652 2658 693 2680 re
712 2646 796 2692 ipse
816 2647 860 2681 B.
882 2646 1064 2682 Canisius
1090 2649 1196 2683 Patri
1224 2648 1388 2684 Lainez:
1418 2663 1435 2682 «
1517 2651 1690 2696 perlatae
1717 2644 1807 2685 sunt
1832 2650 1881 2685 ad
1905 2663 1966 2685 me

314 2706 450 2742 literae
470 2705 704 2749 Cardinalis,
725 2718 820 2752 quas
840 2705 1013 2741 adiunxi.
1035 2708 1094 2742 De
1114 2708 1286 2744 adventu
1312 2710 1354 2744 P.
1383 2709 1553 2754 Natalis,
1580 2721 1696 2756 quem
1719 2719 1966 2756 summopere

314 2770 442 2810 urget,
463 2765 536 2799 hoc
554 2776 674 2799 unum
694 2765 820 2799 habeo
839 2765 985 2811 dicere,
1007 2766 1132 2801 videri
1151 2767 1244 2802 mihi
1262 2780 1447 2814 magnum
1467 2769 1695 2804 sacrifitium
1710 2798 1718 2814 ‚
1745 2771 1908 2817 Deoque
1928 2776 1967 2805 et

315 2824 470 2859 Sanctis
489 2824 724 2859 Germaniae
741 2826 997 2860 vehementer
1011 2832 1215 2873 acceptum
1235 2826 1332 2872 fore,
1350 2828 1381 2863 si
1396 2841 1511 2875 quam
1526 2829 1693 2875 primum
1710 2829 1783 2863 huc
1800 2829 1865 2863 ille
1880 2829 1966 2863 mit-

313 2888 416 2918 tatur
435 2895 512 2917 non
530 2885 654 2935 solum
672 2885 721 2918 ob
737 2883 999 2928 Cardinalem,
1016 2886 1082 2931 qui
1100 2898 1245 2921 nouum
1266 2888 1471 2933 Augustae
1491 2888 1701 2933 collegium
1716 2888 1891 2934 polliceri
1910 2889 1965 2923 vi-

306 2942 440 2986 detur,
461 2948 499 2977 et
518 2943 621 2977 illius
642 2954 759 2989 opera
778 2943 931 2988 indiget
949 2945 1082 2980 multis
1102 2946 1227 2981 modis
1248 2946 1295 2981 ad
1313 2959 1375 2982 res
1395 2947 1664 2993 grauissimaS,
1684 2959 1820 2982 verum
1846 2947 1963 2982 etiam

309 3007 354 3036 -et
380 3001 626 3048 potissimum
651 3003 809 3049 quidem
836 3004 886 3038 ob
911 3004 1025 3049 hujus
1049 3006 1231 3053 colloquii
1256 3007 1540 3053 promotionem
1567 3008 1790 3043 salutarem.
1818 3008 1963 3043 Timidi
