2038 3313
831 239 853 275 7
881 232 982 274 MAJ1
1013 241 1104 277 1549
1747 245 1792 283 57

133 332 362 388 procurai
382 347 464 374 con
486 333 526 375 el
548 334 700 391 fauor
721 333 882 375 diuino
905 348 959 376 6ο
985 334 1017 376 ’l
1038 333 1208 377 vicario
1247 335 1256 355 ¹
1293 334 1355 377 dil
1387 338 1691 380 arcevesoobo
1724 339 1793 382 fe—

142 423 268 452 cesse
289 408 471 451 intimat
493 411 507 430 ²
533 411 579 452 la
601 409 782 466 publica
814 410 1080 466 procesione
1108 425 1187 467 per
1220 411 1284 468 gli
1312 412 1576 456 monastieri
1609 421 1654 456 et
1683 429 1794 457 con—

144 486 269 529 uenti
291 486 336 528 di
360 486 483 529 fratti
505 491 546 530 et
566 502 652 531 con
674 488 824 530 vando
848 489 962 531 fatto
984 503 1063 544 per
1085 487 1150 545 gli
1173 488 1347 545 signori
1371 489 1560 546 giuratti
1578 505 1657 546 per
1676 498 1794 535 tutta

144 564 188 606 la
211 570 344 607 terra.

236 653 276 684 2.
343 641 431 685 Noi
453 643 652 685 anchora
675 642 884 686 feeesimo
912 642 1150 700 diligentia
1177 645 1263 687 che
1293 644 1338 687 ui
1370 644 1408 687 si
1442 646 1696 689 trobassino
1728 647 1791 703 gli

139 718 304 761 scolari
327 733 447 762 cuon
470 719 623 762 buono
646 719 836 764 lzordine
857 727 903 763 et
925 735 1041 777 gran
1063 728 1191 777 parte
1214 721 1259 763 di
1281 721 1370 764 essi
1393 728 1439 764 et
1461 722 1519 765 de
1540 722 1571 764 li
1601 723 1679 779 pisi
1707 738 1791 767 no-

142 795 239 848 bili,
265 799 305 838 et
327 796 490 839 vestite
512 796 556 839 di
579 812 690 853 cape
712 798 761 839 di
780 799 909 856 festa
926 800 1010 841 che
1027 813 1170 841 vsano
1186 799 1228 841 le
1245 799 1572 842 confraternita
1589 802 1621 851 ⁵,
1643 807 1688 842 et
1705 815 1791 844 con

140 888 225 916 sua
249 873 390 916 torcia
412 873 458 916 in
480 889 631 928 mano,
657 881 703 917 et
720 874 870 918 alcuni
888 875 993 918 delli
1010 876 1237 932 maggiori
1255 884 1300 919 et
1317 875 1552 932 principali
1570 878 1791 932 portando

142 951 185 992 la
207 951 316 995 bara
338 954 379 993 et
398 952 470 1008 gli
488 953 674 1008 giuratz'
696 953 831 994 tenda
853 952 1035 1008 disopra
1058 953 1073 973 ⁴
1097 960 1256 996 ornata
1284 954 1424 996 molto
1453 953 1714 1006 rieamente‚
1746 962 1793 998 et

142 1028 406 1083 partendoei
429 1029 553 1071 duna
575 1028 729 1072 chiesa
752 1029 972 1085 prossima
994 1031 1081 1073 alla
1102 1037 1232 1086 porta
1260 1030 1379 1073 della
1407 1029 1517 1074 citta
1540 1032 1554 1052 ⁵
1589 1035 1629 1072 et
1656 1031 1792 1074 molto

139 1106 331 1147 discosto
353 1107 406 1148 de
428 1107 521 1148 8.ΐο
552 1107 714 1149 Nicola
743 1110 911 1160 nostro,
942 1108 1054 1150 douc
1086 1108 1251 1150 furono
1284 1108 1501 1151 condotte
1532 1109 1574 1150 16
1606 1108 1793 1164 reliquie

144 1183 349 1237 predette
372 1197 459 1226 oon
481 1183 786 1240 grandissimo
808 1187 981 1228 honore
1004 1186 1018 1207 ⁶
1036 1219 1046 1238 ,
1072 1192 1118 1228 et
1146 1185 1392 1228 bellissima
1419 1185 1692 1241 compagnia
1720 1187 1793 1230 del

140 1260 266 1303 clero
289 1268 334 1303 et
356 1262 430 1304 del
452 1262 636 1317 populo,
663 1277 744 1303 con
767 1263 805 1304 Ze
820 1267 1016 1317 persone
1032 1263 1317 1319 principali,
1347 1264 1438 1306 cio&
1467 1263 1498 1305 il
1526 1263 1711 1316 vicario,
1748 1270 1793 1307 et

142 1337 331 1394 giuratti
345 1372 354 1390 ,
395 1345 440 1381 et
478 1338 580 1382 altri
618 1338 759 1382 nobili
800 1342 812 1360 ⁷
852 1355 933 1382 con
971 1341 1010 1382 le
1048 1341 1264 1383 trombette
1301 1344 1343 1383 et
1375 1342 1499 1383 canti
1536 1341 1584 1382 di
1622 1342 1792 1383 mussi-

144 1430 215 1467 ca,
239 1422 327 1459 ete.

235 1506 275 1548 3.
343 1494 390 1536 Io
412 1493 534 1536 disse
556 1494 823 1548 solamente,
850 1510 929 1550 per
952 1498 1090 1538 esser’
1116 1497 1145 1538 l’
1166 1498 1278 1539 hora
1301 1496 1445 1548 tarda,
1465 1496 1509 1538 la
1530 1497 1627 1538 mia
1649 1510 1796 1539 messa

143 1572 193 1612 in
215 1571 308 1613 8.ΐο
339 1572 510 1624 Nimia,
533 1571 785 1615 differendo
807 1574 849 1616 la
871 1574 1052 1629 predica
1077 1589 1156 1630 per
1178 1575 1327 1629 doppo
1350 1573 1380 1615 il
1403 1573 1679 1630 manggiar’,
1704 1588 1731 1616 a
1752 1573 1795 1615 la

138 1649 275 1703 quale
297 1648 334 1690 si
358 1648 647 1692 ritrouorono
670 1651 685 1672 ⁸
710 1649 915 1692 huomini
939 1658 983 1693 et
1006 1652 1158 1694 donne
1183 1652 1232 1693 in
1254 1651 1441 1707 grande
1464 1665 1670 1703 numero,
1689 1657 1734 1693 et
1751 1649 1794 1693 io

143 1733 290 1782 tratay
313 1741 376 1770 DE
400 1740 745 1770 VENERATIONE
770 1742 830 1770 ET
856 1743 1189 1772 INUOCATIONE
1215 1742 1507 1772 SANCTORUM
1532 1729 1547 1750 ⁹
1574 1727 1794 1770 chatholi-

139 1808 355 1856 camme,
379 1818 469 1847 con
492 1805 632 1847 molta
654 1804 941 1848 edificatione
964 1813 1009 1848 et
1031 1805 1263 1849 divotione
1285 1806 1398 1859 loro,
1432 1820 1561 1848 come
1594 1805 1631 1848 si
1661 1805 1794 1858 uede,

143 1889 188 1925 et
211 1896 297 1924 eon
320 1888 482 1936 questo
505 1881 569 1938 gli
599 1882 817 1937 protestai
847 1898 976 1926 come
1009 1898 1100 1926 non
1133 1883 1445 1939 pretendiamo
1477 1898 1535 1926 ne
1568 1883 1798 1939 vogliamo

142 1958 417 2002 eleemosine
448 1959 627 2011 alcune,
660 1961 718 2002 ne
747 1975 828 2016 per
860 1960 1064 2015 reliquie,
1101 1962 1159 2003 ne
1182 1975 1262 2016 per
1295 1960 1360 2017 gli
1391 1960 1631 2003 ministerii
1665 1959 1798 2016 spiri—

145 2036 272 2089 tuali,
299 2043 406 2088 eto„
432 2038 631 2080 secondo
653 2038 682 2079 l’
704 2052 873 2080 usanza
890 2038 1007 2080 della
1024 2038 1324 2094 Compagnia,
1346 2053 1419 2081 ma
1436 2040 1520 2081 che
1538 2045 1656 2081 tutta
1674 2039 1702 2079 l’
1723 2037 1798 2079 in—

147 2113 347 2156 tentione
368 2121 524 2157 nostra
550 2115 582 2136 ¹⁰
605 2116 631 2157 6
653 2114 868 2171 aggiutar
890 2116 931 2158 le
954 2115 1102 2158 anime
1125 2116 1166 2158 al
1189 2115 1403 2171 possibile
1424 2123 1596 2158 nostro.

219 2338 230 2358 ¹
281 2337 421 2371 Petrus
442 2336 645 2382 Ansaloni,
664 2336 712 2371 de
731 2348 822 2383 quo,
842 2337 881 2371 in
904 2337 997 2371 Litt.
1021 2338 1260 2382 Quadrim„
1281 2338 1312 2383 1,
1336 2347 1417 2383 152,
1435 2337 1522 2383 478,
1542 2337 1625 2381 640.

216 2399 229 2418 2
280 2397 487 2442 POLANC.,
506 2397 641 2443 sifece.
660 2397 849 2432 intimar.

216 2457 230 2477 ⁵
280 2457 485 2499 POLANC.,
524 2457 656 2491 vestiti
689 2457 733 2491 di
766 2461 869 2491 certe
903 2461 998 2504 cape
1033 2459 1098 2492 che
1133 2469 1256 2492 vsano
1288 2458 1322 2492 le
1357 2458 1659 2504 confraternita
1694 2457 1796 2492 nelle

136 2516 258 2563 feste.

216 2578 231 2597 ⁴
279 2576 485 2620 POLANC.,
512 2577 740 2622 principali
769 2577 879 2611 della
905 2577 1002 2612 cittcz
1023 2578 1230 2623 portando
1257 2578 1292 2612 le
1319 2578 1412 2612 bare
1444 2577 1508 2612 del
1539 2577 1795 2617 valdaclzino‚

145 2636 264 2681 quale
282 2647 354 2670 era
372 2636 538 2682 disopra
556 2639 746 2671 ornato...

219 2697 232 2716 5
283 2707 337 2730 sc.
359 2707 408 2730 ex
427 2695 500 2730 Sti.
522 2695 683 2741 Joannis
702 2696 903 2743 Baptistae
923 2698 1082 2743 templo.

216 2757 230 2776 ⁶
281 2756 485 2799 POLANC.,
505 2756 591 2789 alla
610 2757 739 2790 chiesa
757 2758 820 2791 del
838 2761 975 2792 nostro
993 2758 1163 2805 collegio
1182 2770 1253 2792 con
1271 2759 1398 2792 molta
1422 2758 1681 2793 solemniter...

218 2817 229 2836 ⁷
281 2816 470 2850 POLANC.
485 2845 493 2861 ‚
529 2817 706 2850 venendo
741 2817 771 2851 il
805 2818 961 2852 vicario
995 2821 1032 2853 et
1063 2819 1230 2865 giurati
1263 2821 1301 2853 et
1325 2819 1392 2866 gli
1425 2819 1528 2853 altri
1558 2818 1682 2852 nobili
1716 2818 1796 2852 del-

144 2875 188 2908 la
203 2876 313 2909 cittc'z.

216 2936 230 2956 ⁸
281 2935 486 2979 POLANC.,
505 2936 541 2970 si
558 2936 716 2971 ritrouo
732 2938 893 2983 grande
912 2938 1120 2973 auditorio
1141 2939 1187 2973 de
1206 2939 1437 2973 huomini...

216 2996 230 3015 ⁰
281 2996 486 3039 POLANC.,
505 2997 552 3030 de
571 2997 612 3030 la
627 2997 885 3032 veneratione
903 3000 940 3032 et
959 2999 1215 3033 inuocatione
1233 2999 1280 3032 de
1301 2998 1455 3032 santi...

205 3056 234 3076 ¹⁰
285 3056 489 3099 POLANC.,
510 3057 663 3091 intento
686 3060 865 3091 nostro...
