2038 3313
742 193 765 228 6
791 193 1040 229 Novi-:imnis
1077 192 1168 237 1560
1703 189 1781 236 ,359

126 296 250 340 fesso
272 295 476 340 eiusdem
497 294 755 348 societatis,
781 309 834 338 ac
851 294 983 338 nobis
999 296 1218 352 deputato
1235 293 1500 346 Assistenti,
1523 293 1716 338 salutem
1734 292 1781 335 in

128 372 326 416 Domino
349 372 684 429 sempiternam.
712 373 831 416 Cum
849 371 926 415 diu
949 373 1236 428 multumque
1257 372 1448 428 probata
1464 370 1597 414 nobis
1613 376 1658 414 et
1674 385 1781 427 per-

128 456 286 506 specta
307 449 366 493 sit
386 449 507 494 vitae
529 456 635 494 tuae
656 449 912 506 integritas,
933 449 1139 492 doctrina
1156 455 1202 494 et
1220 449 1265 491 in
1283 449 1420 493 rebus
1437 447 1652 505 gerendis
1670 461 1781 503 pru-

129 526 307 581 dentia‚
342 541 460 584 quae
487 534 557 572 est
584 526 632 570 in
659 526 842 570 Christo
864 529 999 585 Jesu,
1031 540 1229 582 cumque
1256 526 1401 568 multa
1428 532 1474 570 et
1501 523 1657 581 magni
1680 538 1778 567 mo-

129 695 299 740 ligenter
313 695 425 730 M‚tas
438 694 521 730 Tua
540 706 610 741 per
627 693 762 729 literas
781 699 821 729 et
835 699 1008 729 oratores
1023 704 1128 740 suos,
1143 705 1206 729 res
1225 691 1436 728 Societatis
1455 692 1546 727 Iesu
1560 691 1780 738 appellatae

128 754 242 789 nobis
260 753 608 790 commendauerit.
628 755 765 800 Itaque
790 754 1109 799 intelligebamus
1132 753 1228 788 nihil
1248 763 1413 788 necesse
1432 763 1520 787 esse
1540 762 1606 786 eas
1625 762 1648 786 a
1665 750 1780 786 nobis

125 813 202 860 ipsi
218 815 290 849 hoc
309 818 483 861 tempore
501 812 780 849 commendari.
801 813 880 848 Sed
897 819 1030 849 tamen
1047 813 1138 860 quia
1156 812 1336 848 Societas
1350 813 1462 858 haee,
1481 811 1585 847 sicut
1602 811 1687 857 ipsa
1700 809 1778 852 sin-

123 873 253 919 gulari
269 873 438 921 quodam
455 879 548 909 uoto
567 873 651 908 sedi
669 872 907 920 apostolicae
927 885 969 908 se
989 872 1215 909 obstrinxit:
1236 873 1290 907 ita
1309 871 1454 907 eximia
1471 882 1626 918 quoque
1645 881 1738 905 cura
1757 881 1779 904 a

123 933 253 980 nobis,
271 938 312 968 et
329 935 379 969 ab
395 935 468 969 hac
486 933 580 968 sede
599 933 745 968 tuenda
764 938 838 968 est:
860 933 1073 979 praeterire
1092 944 1171 968 non
1190 943 1414 979 possumus,
1433 931 1527 978 quin
1543 936 1583 965 et
1596 942 1659 965 res
1675 928 1778 965 eius-

123 993 215 1029 dem
233 993 458 1039 Societatis,
478 1005 578 1040 quae
596 998 688 1028 sunt
706 993 746 1028 in
763 993 897 1039 regnis
917 993 1007 1028 tuis:
1035 998 1075 1028 et
1098 992 1287 1028 dilectum
1305 993 1410 1027 hunc
1432 991 1557 1026 filium
1582 990 1778 1036 Hierony-

124 1065 231 1089 mum
261 1054 442 1089 Natalem
471 1065 606 1089 sacrae
637 1053 859 1099 theologiae
890 1053 1137 1099 magistrum,
1168 1053 1291 1099 ipsius
1322 1052 1469 1087 ordinis
1494 1050 1773 1098 professorem:

125 1113 210 1148 M.ti
236 1113 344 1149 Tuae
357 1114 690 1149 commendemus
711 1114 749 1148 Is
768 1114 870 1148 istuc
884 1113 1006 1148 missu
1021 1112 1234 1159 praepositi
1247 1112 1444 1158 generalis
1464 1111 1525 1146 sui
1544 1109 1654 1145 uenit
1672 1120 1775 1144 com-

124 1171 314 1219 missarii,
338 1178 378 1208 et
401 1172 616 1208 uisitatoris
641 1173 768 1208 officio
792 1172 997 1208 functurus
1022 1173 1195 1207 omnium
1220 1172 1476 1217 collegiorum
1501 1175 1542 1205 et
1571 1169 1775 1205 domorum

124 1232 209 1268 eius
227 1231 451 1268 Societatis:
472 1244 571 1279 quae
590 1232 630 1268 in
648 1232 734 1267 istis
760 1231 975 1279 Hispaniae
994 1232 1127 1278 regnis
1145 1238 1186 1268 et
1203 1232 1410 1279 quibusuis
1435 1230 1520 1266 aliis
1545 1230 1642 1265 locis
1667 1234 1774 1264 sunt:

122 1292 172 1327 ad
190 1293 263 1327 hoc
281 1304 421 1328 munus
440 1292 665 1328 obeundum
683 1292 860 1327 delectus
878 1297 1037 1339 propter
1055 1292 1251 1338 insignem
1269 1291 1392 1338 ipsius
1416 1290 1652 1338 probitatem
1664 1317 1673 1335 ‚
1691 1287 1780 1323 reli-

121 1353 297 1399 gionem,
316 1363 362 1388 ac
379 1351 610 1387 doctrinam.
632 1353 899 1398 Quamobrem
918 1353 1045 1387 M.tem
1063 1353 1188 1387 Tuam
1206 1361 1411 1397 rogamus3
1428 1342 1481 1386 *ut
1505 1355 1545 1385 et
1568 1351 1673 1384 hunc
1699 1348 1776 1383 Dei

119 1411 309 1447 famulum
326 1412 643 1447 commendatum
662 1412 737 1448 sibi
756 1424 777 1447 a
795 1412 908 1447 nobis
927 1413 1084 1458 habeat,
1100 1417 1140 1447 et
1157 1412 1206 1447 ad
1230 1411 1418 1456 studium,
1438 1422 1515 1458 quo
1533 1408 1774 1445 Societatem

119 1473 218 1507 hanc
237 1477 394 1519 propter
412 1473 672 1507 excellentem
691 1471 776 1507 eius
796 1471 835 1507 in
853 1472 1022 1508 ecclesia
1040 1472 1115 1507 Dei
1134 1483 1292 1519 operam
1311 1483 1381 1506 sua
1405 1476 1545 1518 sponte
1570 1469 1775 1515 complexa

117 1537 191 1567 est:
210 1537 361 1567 tantum
375 1531 519 1566 addere
533 1532 643 1567 uelit:
660 1537 848 1578 quantum
863 1544 931 1578 pro
946 1531 1060 1567 huius
1080 1537 1239 1567 sanctae
1258 1531 1364 1566 sedis
1379 1528 1603 1566 reuerentia
1623 1528 1776 1563 additu-

116 1603 198 1627 ram
217 1604 304 1627 esse
323 1591 568 1627 confidimus:
592 1596 635 1627 ut
652 1591 775 1638 ipsius
800 1591 1048 1637 auctoritate,
1069 1597 1109 1627 et
1126 1591 1261 1627 fauore
1280 1592 1390 1637 regio
1408 1603 1471 1626 res
1497 1590 1582 1625 eius
1601 1588 1776 1624 Societa—

117 1651 168 1686 tis
186 1664 301 1698 quam
319 1651 636 1687 commodissime
655 1653 704 1687 ab
723 1651 863 1687 eodem
881 1652 1150 1687 commissario
1168 1651 1314 1699 ubique
1333 1651 1373 1686 in
1391 1650 1524 1696 regnis
1543 1649 1666 1697 ipsius
1685 1660 1775 1683 con-

116 1711 243 1758 stitui,
262 1717 302 1747 et
319 1711 499 1758 componi
518 1711 683 1758 possint:
712 1724 791 1746 non
814 1711 928 1747 nobis
953 1717 1106 1747 tantum
1124 1711 1165 1747 in
1190 1723 1258 1756 eo,
1283 1711 1354 1747 sed
1377 1722 1589 1756 regnorum
1614 1719 1772 1744 suorum

116 1772 265 1807 auctori
296 1773 382 1806 Deo
404 1777 561 1817 gratum
585 1771 794 1806 admodum
820 1771 983 1807 factura.
1009 1773 1155 1807 Datum
1179 1772 1327 1806 Romae
1357 1771 1460 1818 apud
1485 1770 1674 1806 Sanctum
1700 1768 1773 1803 Pe-

117 1836 234 1875 trum,
250 1836 327 1866 etc.
347 1830 411 1866 die
430 1843 482 1866 xv
500 1830 751 1866 Nouembris.
777 1831 880 1876 1560.
903 1831 1018 1866 Anno
1032 1832 1099 1866 P.0
1115 1844 1132 1864 »

190 1892 249 1925 Ex
274 1890 376 1932 cod.,
402 1891 466 1926 cui
489 1890 626 1926 titulus
651 1892 805 1926 Brevia
828 1894 865 1926 et
891 1892 1105 1938 Rescripta
1135 1891 1424 1936 antiquissima
1449 1893 1528 1936 pro
1560 1889 1770 1924 Societate.

116 1950 343 1996 1539-1587‚
362 1950 429 1986 fol.
450 1959 495 1995 59
512 1950 935 1998 (88).——Apographum
954 1951 1040 1986 sine
1059 1950 1348 1998 subscriptione
1366 1961 1440 1985 1166
1459 1950 1602 1995 sigillo.

614 2070 796 2107 «Comzin
817 2075 928 2119 para
954 2073 1067 2106 todas
1089 2074 1267 2118 partes.»

188 2154 462 2238 —Iiis.—Muy
478 2191 591 2226 R.d⁰S
606 2203 655 2227 en
673 2192 773 2238 Xpo.
794 2190 955 2226 Padres:
977 2191 1145 2238 Aunque
1164 2195 1325 2226 nuestro
1344 2190 1469 2225 Padre
1489 2189 1688 2236 preposito
1702 2200 1769 2234 ge-

117 2251 225 2286 neral
245 2251 398 2286 tuuiera
412 2263 481 2297 por
495 2264 588 2298 muy
603 2251 696 2287 bien
711 2251 914 2298 empleado
930 2252 965 2286 el
982 2250 1128 2298 tiempo
1144 2263 1194 2286 en
1208 2250 1345 2286 visitar
1360 2262 1429 2297 por
1444 2252 1477 2285 si
1492 2261 1641 2284 mesmo
1657 2249 1768 2284 todas

117 2310 174 2346 las
192 2310 412 2357 prouincias
430 2311 478 2346 de
497 2313 533 2347 13
551 2311 781 2358 Compafiia,
801 2308 871 2358 por
895 2312 932 2346 lo
957 2323 1033 2358 que
1058 2316 1237 2358 ymporta
1255 2322 1331 2357 que
1356 2311 1391 2345 el
1417 2315 1550 2356 pastor
1575 2313 1769 2357 agnoscat

116 2370 280 2405 uultum
290 2371 447 2417 pecoris
459 2372 537 2413 sui,
554 2383 663 2418 yque
679 2383 751 2406 063
766 2373 801 2406 e]
818 2371 932 2406 modo
947 2371 995 2406 de
1012 2371 1200 2417 proceder
1213 2382 1289 2418 que
1305 2382 1354 2405 en
1368 2370 1479 2404 todas
1494 2374 1625 2416 partes
1641 2381 1683 2404 se
1699 2369 1771 2404 tie-

117 2440 181 2474 ne,
200 2441 292 2476 para
309 2442 384 2477 que
402 2442 476 2465 con
494 2430 755 2466 uniformidad
778 2443 804 2477 y
824 2433 949 2476 segi'm
968 2432 1003 2465 el
1023 2431 1204 2465 instituto
1228 2435 1389 2465 nuestro
1408 2430 1514 2464 idem
1540 2429 1766 2476 sapiamus,

118 2490 223 2524 idem
243 2490 426 2524 dicamus
444 2502 592 2532 omnes,
612 2502 639 2537 y
657 2491 831 2526 tambie'n
846 2491 902 2526 las
920 2492 1050 2535 reglas
1068 2502 1111 2525 se
1127 2489 1364 2525 accomoden
1384 2501 1432 2524 en
1452 2488 1563 2523 todas
1582 2494 1713 2535 partes
1733 2491 1767 2524 al

117 2560 187 2583 uso
201 2548 463 2584 conueniente
481 2550 529 2584 de
548 2550 643 2585 cada
662 2562 752 2595 una,
772 2562 798 2597 y
812 2550 1038 2585 finalmente
1054 2562 1145 2596 para
1163 2562 1240 2596 que
1259 2561 1308 2584 en
1327 2550 1363 2584 lo
1378 2560 1453 2595 que
1470 2554 1557 2583 toca
1572 2550 1606 2583 al
1622 2559 1768 2596 cuerpo

116 2607 313 2643 uniuersa]
332 2608 380 2643 de
399 2610 434 2643 la
452 2608 666 2656 Compasn'a
686 2622 711 2656 y
730 2611 765 2645 al
784 2610 992 2656 particular
1010 2610 1059 2644 de
1084 2609 1179 2644 cada
1203 2621 1293 2644 casa
1316 2621 1342 2655 y
1366 2608 1534 2653 collegio
1561 2620 1603 2643 se
1622 2620 1769 2654 prouea

113 2667 163 2702 de
179 2669 216 2702 lo
229 2680 305 2714 que
320 2668 526 2714 conuiene,
543 2669 576 2704 si
591 2671 733 2715 alguna
747 2681 839 2704 cosa
854 2670 991 2705 ubiese
1010 2681 1086 2716 que
1101 2679 1281 2716 proueer3
1302 2668 1459 2703 todauia
1478 2679 1547 2714 por
1564 2679 1702 2703 causas
1717 2669 1766 2704 de

115 2729 256 2762 mucho
274 2739 370 2774 peso
388 2740 438 2763 no
457 2729 584 2774 puede
602 2730 720 2765 hazer
737 2741 806 2776 por
824 2731 857 2764 si
875 2741 1024 2764 mesmo
1040 2735 1124 2764 esta
1139 2729 1452 2776 peregrinacion‚
1468 2740 1493 2774 y
1508 2730 1565 2762 asi
1580 2739 1622 2762 se
1637 2729 1687 2763 ha
1700 2729 1766 2764 de-

116 2786 335 2822 terminado
348 2787 397 2822 de
416 2788 565 2823 embiar
583 2789 617 2823 al
637 2789 681 2823 P.
701 2789 776 2823 M.0
797 2789 935 2833 Nadal‚
956 2789 1167 2824 assistente
1192 2788 1388 2835 deputado
1407 2799 1476 2834 por
1494 2789 1530 2822 13
1549 2787 1766 2835 Compafn'a

110 2848 284 2893 (aunque
303 2859 369 2882 era
390 2848 501 2882 harto
525 2848 748 2883 necessario
772 2860 842 2895 por
865 2851 956 2893 aea)
980 2861 1072 2895 para
1095 2850 1212 2883 hazer
1236 2854 1320 2883 este
1340 2847 1489 2894 officio,
1515 2859 1662 2895 porque
1689 2859 1765 2883 con

113 2906 254 2941 mucha
270 2910 388 2942 razon
406 2907 534 2953 puede
553 2913 665 2942 tener
682 2908 881 2943 confianza
904 2920 980 2955 que
1000 2908 1181 2944 satisfara
1207 2920 1300 2954 muy
1325 2907 1418 2943 bien
1437 2910 1458 2942 3
1485 2909 1537 2943 tal
1566 2913 1764 2955 assuntto,

113 2977 184 3012 por
201 2967 238 3001 la
256 2968 395 3002 mucha
413 2967 647 3013 expirientia
664 2980 690 3014 y
708 2968 856 3014 pratica
873 2981 949 3015 que
968 2968 1074 3004 tiene
1089 2968 1138 3003 de
1154 2969 1190 3003 la
1204 2968 1421 3014 Compafiia
1434 2980 1460 3014 y
1475 2968 1590 3003 modo
1609 2967 1658 3003 de
1677 2980 1763 3015 pro—

111 3025 231 3061 ceder
248 3025 352 3062 della
370 3027 486 3062 sobre
504 3028 540 3063 el
559 3026 813 3063 fundamento
832 3028 881 3063 de
901 3029 1041 3064 mucha
1059 3028 1205 3074 virtud,
1224 3030 1343 3064 letras
1361 3039 1387 3074 y
1406 3027 1613 3074 prudentia
1631 3040 1707 3075 que
1727 3030 1764 3063 le
