<?xml version="1.0" encoding="UTF-8"?>
<!DOCTYPE html PUBLIC "-//W3C//DTD XHTML 1.0 Transitional//EN"
    "http://www.w3.org/TR/xhtml1/DTD/xhtml1-transitional.dtd">
<html xmlns="http://www.w3.org/1999/xhtml" xml:lang="en" lang="en">
 <head>
  <title>
</title>
<meta http-equiv="Content-Type" content="text/html;charset=utf-8" />
  <meta name='ocr-system' content='tesseract 3.04.00' />
  <meta name='ocr-capabilities' content='ocr_page ocr_carea ocr_par ocr_line ocrx_word'/>
</head>
<body>
  <div class='ocr_page' id='page_1' title='image "./epistolaephieron08nada_0154.png"; bbox 0 0 2038 3313; ppageno 0'>
   <div class='ocr_carea' id='block_1_1' title="bbox 222 213 1290 260">
    <p class='ocr_par' dir='ltr' id='par_1_1' title="bbox 222 213 1290 260">
     <span class='ocr_line' id='line_1_1' title="bbox 222 213 1290 260; baseline -0.005 -9"><span class='ocrx_word' id='word_1_1' title='bbox 222 216 270 260; x_wconf 86' lang='lat'><em>76</em></span> <span class='ocrx_word' id='word_1_2' title='bbox 808 216 947 250; x_wconf 73' lang='lat' dir='ltr'><em>Ep1sr.</em></span> <span class='ocrx_word' id='word_1_3' title='bbox 975 214 1018 247; x_wconf 90' lang='lat' dir='ltr'><em>P.</em></span> <span class='ocrx_word' id='word_1_4' title='bbox 1048 213 1290 248; x_wconf 81' lang='lat' dir='ltr'><strong>NADAL—zl</strong></span> 
     </span>
    </p>
   </div>
   <div class='ocr_carea' id='block_1_2' title="bbox 219 312 1874 530">
    <p class='ocr_par' dir='ltr' id='par_1_2' title="bbox 219 312 1874 530">
     <span class='ocr_line' id='line_1_2' title="bbox 225 312 1874 371; baseline -0.004 -10"><span class='ocrx_word' id='word_1_5' title='bbox 225 332 308 361; x_wconf 91' lang='lat' dir='ltr'><em>nos</em></span> <span class='ocrx_word' id='word_1_6' title='bbox 331 317 524 361; x_wconf 82' lang='lat' dir='ltr'><em>escribio</em></span> <span class='ocrx_word' id='word_1_7' title='bbox 546 324 642 361; x_wconf 80' lang='lat' dir='ltr'><em>este</em></span> <span class='ocrx_word' id='word_1_8' title='bbox 665 330 833 361; x_wconf 88' lang='lat' dir='ltr'><em>verano</em></span> <span class='ocrx_word' id='word_1_9' title='bbox 856 315 1047 371; x_wconf 82' lang='lat' dir='ltr'><em>passado</em></span> <span class='ocrx_word' id='word_1_10' title='bbox 1080 315 1108 365; x_wconf 81' lang='lat'><em>¹,</em></span> <span class='ocrx_word' id='word_1_11' title='bbox 1134 314 1336 357; x_wconf 78' lang='lat' dir='ltr'><em>dandose</em></span> <span class='ocrx_word' id='word_1_12' title='bbox 1360 315 1426 356; x_wconf 82' lang='lat' dir='ltr'><em>los</em></span> <span class='ocrx_word' id='word_1_13' title='bbox 1455 312 1695 356; x_wconf 82' lang='lat' dir='ltr'><em>exercitios</em></span> <span class='ocrx_word' id='word_1_14' title='bbox 1724 317 1750 356; x_wconf 78' lang='lat' dir='ltr'><em>a</em></span> <span class='ocrx_word' id='word_1_15' title='bbox 1781 320 1874 355; x_wconf 84' lang='lat' dir='ltr'><em>tres</em></span> 
     </span>
     <span class='ocr_line' id='line_1_3' title="bbox 219 391 1871 452; baseline -0.004 -14"><span class='ocrx_word' id='word_1_16' title='bbox 219 396 281 439; x_wconf 88' lang='lat' dir='ltr'><em>de</em></span> <span class='ocrx_word' id='word_1_17' title='bbox 303 396 370 440; x_wconf 98' lang='grc'><em>135</em></span> <span class='ocrx_word' id='word_1_18' title='bbox 392 395 662 452; x_wconf 81' lang='lat' dir='ltr'>principales</span> <span class='ocrx_word' id='word_1_19' title='bbox 685 409 774 450; x_wconf 88' lang='lat' dir='ltr'><em>que</em></span> <span class='ocrx_word' id='word_1_20' title='bbox 795 394 863 436; x_wconf 89' lang='lat' dir='ltr'><em>los</em></span> <span class='ocrx_word' id='word_1_21' title='bbox 886 392 1057 448; x_wconf 82' lang='lat' dir='ltr'><em>podran</em></span> <span class='ocrx_word' id='word_1_22' title='bbox 1080 392 1161 434; x_wconf 90' lang='lat' dir='ltr'><em>dar</em></span> <span class='ocrx_word' id='word_1_23' title='bbox 1183 396 1209 434; x_wconf 84' lang='lat' dir='ltr'><em>a</em></span> <span class='ocrx_word' id='word_1_24' title='bbox 1232 392 1298 434; x_wconf 85' lang='lat' dir='ltr'><em>las</em></span> <span class='ocrx_word' id='word_1_25' title='bbox 1321 392 1492 433; x_wconf 79' lang='lat' dir='ltr'><em>demas.</em></span> <span class='ocrx_word' id='word_1_26' title='bbox 1529 391 1698 433; x_wconf 78' lang='lat' dir='ltr'><em>Vienen</em></span> <span class='ocrx_word' id='word_1_27' title='bbox 1727 392 1741 412; x_wconf 79' lang='lat'><strong>²</strong></span> <span class='ocrx_word' id='word_1_28' title='bbox 1770 397 1871 432; x_wconf 88' lang='lat' dir='ltr'><em>tan—</em></span> 
     </span>
     <span class='ocr_line' id='line_1_4' title="bbox 225 467 1725 530; baseline -0.003 -16"><span class='ocrx_word' id='word_1_29' title='bbox 225 472 332 516; x_wconf 80' lang='lat' dir='ltr'><em>bien</em></span> <span class='ocrx_word' id='word_1_30' title='bbox 353 474 547 530; x_wconf 83' lang='lat' dir='ltr'><em>algunas</em></span> <span class='ocrx_word' id='word_1_31' title='bbox 569 473 743 516; x_wconf 73' lang='lat' dir='ltr'><em>duefias</em></span> <span class='ocrx_word' id='word_1_32' title='bbox 765 470 924 514; x_wconf 85' lang='lat' dir='ltr'><em>nobles</em></span> <span class='ocrx_word' id='word_1_33' title='bbox 947 473 972 511; x_wconf 82' lang='lat' dir='ltr'><em>a</em></span> <span class='ocrx_word' id='word_1_34' title='bbox 996 469 1209 511; x_wconf 86' lang='lat' dir='ltr'><em>tomarlos</em></span> <span class='ocrx_word' id='word_1_35' title='bbox 1233 483 1289 511; x_wconf 92' lang='lat' dir='ltr'><em>en</em></span> <span class='ocrx_word' id='word_1_36' title='bbox 1312 474 1498 512; x_wconf 83' lang='lat' dir='ltr'><em>nuestra</em></span> <span class='ocrx_word' id='word_1_37' title='bbox 1527 467 1725 524; x_wconf 54' lang='lat' dir='ltr'><em>yglesia(</em></span> 
     </span>
    </p>
   </div>
   <div class='ocr_carea' id='block_1_3' title="bbox 597 671 1499 827">
    <p class='ocr_par' dir='ltr' id='par_1_3' title="bbox 597 671 1499 827">
     <span class='ocr_line' id='line_1_5' title="bbox 1024 671 1098 710; baseline -0.027 0"><span class='ocrx_word' id='word_1_38' title='bbox 1024 671 1098 710; x_wconf 62' lang='lat'><em>⁶21</em></span> 
     </span>
     <span class='ocr_line' id='line_1_6' title="bbox 597 788 1499 827; baseline -0.003 -1"><span class='ocrx_word' id='word_1_39' title='bbox 597 792 646 826; x_wconf 93' lang='lat' dir='ltr'><em>D.</em></span> <span class='ocrx_word' id='word_1_40' title='bbox 672 788 1147 827; x_wconf 87' lang='lat' dir='ltr'><strong>BARTHOLOMAEUS</strong></span> <span class='ocrx_word' id='word_1_41' title='bbox 1175 790 1245 823; x_wconf 87' lang='lat' dir='ltr'><em>DE</em></span> <span class='ocrx_word' id='word_1_42' title='bbox 1273 788 1499 826; x_wconf 85' lang='lat' dir='ltr'><strong>ARAGON</strong></span> 
     </span>
    </p>
   </div>
   <div class='ocr_carea' id='block_1_4' title="bbox 812 905 1300 933">
    <p class='ocr_par' dir='ltr' id='par_1_4' title="bbox 812 905 1300 933">
     <span class='ocr_line' id='line_1_7' title="bbox 812 905 1300 933; baseline -0.002 -1"><span class='ocrx_word' id='word_1_43' title='bbox 812 905 1042 933; x_wconf 83' lang='lat' dir='ltr'>EPISCOPUS</span> <span class='ocrx_word' id='word_1_44' title='bbox 1067 905 1300 932; x_wconf 80' lang='lat' dir='ltr'>PACTENSIS</span> 
     </span>
    </p>
   </div>
   <div class='ocr_carea' id='block_1_5' title="bbox 652 1011 1455 1190">
    <p class='ocr_par' dir='ltr' id='par_1_5' title="bbox 652 1011 1455 1190">
     <span class='ocr_line' id='line_1_8' title="bbox 652 1011 1455 1054; baseline -0.001 -1"><span class='ocrx_word' id='word_1_45' title='bbox 652 1013 710 1054; x_wconf 90' lang='lat' dir='ltr'><em>P.</em></span> <span class='ocrx_word' id='word_1_46' title='bbox 749 1011 1175 1053; x_wconf 88' lang='lat' dir='ltr'><strong>HIERONYMO</strong></span> <span class='ocrx_word' id='word_1_47' title='bbox 1210 1011 1455 1053; x_wconf 85' lang='lat' dir='ltr'><strong>NADAL</strong></span> 
     </span>
     <span class='ocr_line' id='line_1_9' title="bbox 693 1135 1408 1190; baseline -0.003 -11"><span class='ocrx_word' id='word_1_48' title='bbox 693 1135 867 1188; x_wconf 77' lang='lat' dir='ltr'><em>Paetis,</em></span> <span class='ocrx_word' id='word_1_49' title='bbox 901 1146 948 1190; x_wconf 84' lang='lat'><em>15</em></span> <span class='ocrx_word' id='word_1_50' title='bbox 975 1135 1211 1178; x_wconf 77' lang='lat' dir='ltr'>Februarii</span> <span class='ocrx_word' id='word_1_51' title='bbox 1242 1146 1352 1190; x_wconf 85' lang='lat'>1550</span> <span class='ocrx_word' id='word_1_52' title='bbox 1376 1137 1408 1177; x_wconf 76' lang='lat'><em>³.</em></span> 
     </span>
    </p>
   </div>
   <div class='ocr_carea' id='block_1_6' title="bbox 227 1260 1877 1478">
    <p class='ocr_par' dir='ltr' id='par_1_6' title="bbox 227 1260 1877 1478">
     <span class='ocr_line' id='line_1_10' title="bbox 227 1260 1876 1307; baseline -0.003 -8"><span class='ocrx_word' id='word_1_53' title='bbox 227 1273 258 1299; x_wconf 87' lang='grc'><em>1.</em></span> <span class='ocrx_word' id='word_1_54' title='bbox 282 1264 466 1299; x_wconf 77' lang='lat' dir='ltr'><em>Miratur</em></span> <span class='ocrx_word' id='word_1_55' title='bbox 486 1264 651 1297; x_wconf 81' lang='lat' dir='ltr'><em>Patrem</em></span> <span class='ocrx_word' id='word_1_56' title='bbox 671 1261 807 1296; x_wconf 80' lang='lat' dir='ltr'><em>Nadal</em></span> <span class='ocrx_word' id='word_1_57' title='bbox 825 1272 1011 1296; x_wconf 75' lang='lat' dir='ltr'><em>recusare</em></span> <span class='ocrx_word' id='word_1_58' title='bbox 1031 1260 1230 1307; x_wconf 79' lang='lat' dir='ltr'><em>officium,</em></span> <span class='ocrx_word' id='word_1_59' title='bbox 1251 1261 1356 1305; x_wconf 71' lang='lat' dir='ltr'><em>qnod</em></span> <span class='ocrx_word' id='word_1_60' title='bbox 1374 1261 1428 1294; x_wconf 80' lang='lat' dir='ltr'><em>ad</em></span> <span class='ocrx_word' id='word_1_61' title='bbox 1445 1261 1670 1295; x_wconf 82' lang='lat' dir='ltr'><em>haereticae</em></span> <span class='ocrx_word' id='word_1_62' title='bbox 1689 1260 1876 1306; x_wconf 74' lang='lat' dir='ltr'><em>pravita-</em></span> 
     </span>
     <span class='ocr_line' id='line_1_11' title="bbox 298 1319 1877 1368; baseline -0.003 -10"><span class='ocrx_word' id='word_1_63' title='bbox 298 1324 349 1358; x_wconf 84' lang='lat' dir='ltr'><em>tis</em></span> <span class='ocrx_word' id='word_1_64' title='bbox 367 1323 626 1368; x_wconf 81' lang='lat' dir='ltr'><em>inquisitores</em></span> <span class='ocrx_word' id='word_1_65' title='bbox 643 1320 941 1367; x_wconf 78' lang='lat' dir='ltr'><em>spectabat.-2.</em></span> <span class='ocrx_word' id='word_1_66' title='bbox 965 1319 1137 1354; x_wconf 80' lang='lat' dir='ltr'><em>Nullum</em></span> <span class='ocrx_word' id='word_1_67' title='bbox 1152 1320 1423 1367; x_wconf 78' lang='lat' dir='ltr'><em>privilegimn</em></span> <span class='ocrx_word' id='word_1_68' title='bbox 1444 1320 1630 1355; x_wconf 74' lang='lat' dir='ltr'><em>validum</em></span> <span class='ocrx_word' id='word_1_69' title='bbox 1656 1331 1734 1354; x_wconf 85' lang='lat' dir='ltr'><em>esse</em></span> <span class='ocrx_word' id='word_1_70' title='bbox 1758 1319 1877 1367; x_wconf 79' lang='lat' dir='ltr'><em>affir-</em></span> 
     </span>
     <span class='ocr_line' id='line_1_12' title="bbox 301 1380 1876 1422; baseline -0.003 -5"><span class='ocrx_word' id='word_1_71' title='bbox 301 1385 386 1417; x_wconf 81' lang='lat' dir='ltr'><em>mat</em></span> <span class='ocrx_word' id='word_1_72' title='bbox 417 1383 471 1417; x_wconf 83' lang='lat' dir='ltr'><em>ad</em></span> <span class='ocrx_word' id='word_1_73' title='bbox 497 1383 576 1416; x_wconf 82' lang='lat' dir='ltr'><em>tale</em></span> <span class='ocrx_word' id='word_1_74' title='bbox 602 1393 753 1415; x_wconf 76' lang='lat' dir='ltr'><em>munus</em></span> <span class='ocrx_word' id='word_1_75' title='bbox 783 1381 1087 1415; x_wconf 69' lang='lat' dir='ltr'><em>detrectandam</em></span> <span class='ocrx_word' id='word_1_76' title='bbox 1098 1393 1111 1422; x_wconf 91' lang='lat'><em>,·</em></span> <span class='ocrx_word' id='word_1_77' title='bbox 1144 1381 1285 1414; x_wconf 72' lang='lat' dir='ltr'><em>Patris</em></span> <span class='ocrx_word' id='word_1_78' title='bbox 1314 1382 1449 1414; x_wconf 77' lang='lat' dir='ltr'><em>tamen</em></span> <span class='ocrx_word' id='word_1_79' title='bbox 1481 1380 1775 1415; x_wconf 77' lang='lat' dir='ltr'><em>excusationem</em></span> <span class='ocrx_word' id='word_1_80' title='bbox 1807 1380 1876 1414; x_wconf 84' lang='lat' dir='ltr'><em>ad-</em></span> 
     </span>
     <span class='ocr_line' id='line_1_13' title="bbox 300 1443 437 1478; baseline -0.015 0"><span class='ocrx_word' id='word_1_81' title='bbox 300 1443 437 1478; x_wconf 73' lang='lat' dir='ltr'><em>mittit.</em></span> 
     </span>
    </p>
   </div>
   <div class='ocr_carea' id='block_1_7' title="bbox 822 1523 1279 1639">
    <p class='ocr_par' dir='ltr' id='par_1_7' title="bbox 822 1523 1279 1639">
     <span class='ocr_line' id='line_1_14' title="bbox 822 1523 1279 1639; baseline -0.007 -12"><span class='ocrx_word' id='word_1_82' title='bbox 822 1585 933 1639; x_wconf 91' lang='lat' dir='ltr'><em>Muy</em></span> <span class='ocrx_word' id='word_1_83' title='bbox 967 1523 1081 1626; x_wconf 44' lang='lat' dir='ltr'><em>Rd-ci).</em></span> <span class='ocrx_word' id='word_1_84' title='bbox 1118 1583 1279 1627; x_wconf 77' lang='lat' dir='ltr'><em>Senos.</em></span> 
     </span>
    </p>
   </div>
   <div class='ocr_carea' id='block_1_8' title="bbox 224 1678 1877 2045">
    <p class='ocr_par' dir='ltr' id='par_1_8' title="bbox 224 1678 1877 2045">
     <span class='ocr_line' id='line_1_15' title="bbox 326 1678 1877 1735; baseline -0.004 -10"><span class='ocrx_word' id='word_1_85' title='bbox 326 1694 362 1725; x_wconf 86' lang='grc' dir='ltr'><em>Ι.</em></span> <span class='ocrx_word' id='word_1_86' title='bbox 430 1682 599 1724; x_wconf 86' lang='lat' dir='ltr'><em>Recebi</em></span> <span class='ocrx_word' id='word_1_87' title='bbox 622 1695 678 1723; x_wconf 89' lang='lat' dir='ltr'><em>su</em></span> <span class='ocrx_word' id='word_1_88' title='bbox 700 1686 824 1722; x_wconf 90' lang='lat' dir='ltr'><em>carta</em></span> <span class='ocrx_word' id='word_1_89' title='bbox 846 1694 903 1722; x_wconf 90' lang='lat' dir='ltr'><em>en</em></span> <span class='ocrx_word' id='word_1_90' title='bbox 926 1686 1160 1735; x_wconf 85' lang='lat' dir='ltr'><em>respuesta</em></span> <span class='ocrx_word' id='word_1_91' title='bbox 1182 1679 1239 1722; x_wconf 92' lang='lat' dir='ltr'><em>de</em></span> <span class='ocrx_word' id='word_1_92' title='bbox 1261 1679 1304 1721; x_wconf 90' lang='lat' dir='ltr'><em>la</em></span> <span class='ocrx_word' id='word_1_93' title='bbox 1322 1693 1409 1733; x_wconf 91' lang='lat' dir='ltr'><em>que</em></span> <span class='ocrx_word' id='word_1_94' title='bbox 1426 1693 1486 1734; x_wconf 93' lang='lat' dir='ltr'><em>yo</em></span> <span class='ocrx_word' id='word_1_95' title='bbox 1505 1678 1547 1721; x_wconf 90' lang='lat' dir='ltr'><em>le</em></span> <span class='ocrx_word' id='word_1_96' title='bbox 1564 1680 1728 1729; x_wconf 79' lang='lat' dir='ltr'><em>sereni,</em></span> <span class='ocrx_word' id='word_1_97' title='bbox 1749 1693 1778 1733; x_wconf 96' lang='lat' dir='ltr'>y</span> <span class='ocrx_word' id='word_1_98' title='bbox 1796 1691 1877 1734; x_wconf 90' lang='lat' dir='ltr'><em>por</em></span> 
     </span>
     <span class='ocr_line' id='line_1_16' title="bbox 226 1755 1877 1814; baseline -0.002 -13"><span class='ocrx_word' id='word_1_99' title='bbox 226 1759 317 1802; x_wconf 83' lang='lat' dir='ltr'><em>ella</em></span> <span class='ocrx_word' id='word_1_100' title='bbox 338 1773 424 1801; x_wconf 92' lang='lat' dir='ltr'><em>veo</em></span> <span class='ocrx_word' id='word_1_101' title='bbox 447 1759 489 1801; x_wconf 90' lang='grc'><em>13</em></span> <span class='ocrx_word' id='word_1_102' title='bbox 512 1772 711 1814; x_wconf 83' lang='lat' dir='ltr'><em>graueza</em></span> <span class='ocrx_word' id='word_1_103' title='bbox 733 1771 821 1813; x_wconf 91' lang='lat' dir='ltr'><em>que</em></span> <span class='ocrx_word' id='word_1_104' title='bbox 843 1755 994 1799; x_wconf 89' lang='lat' dir='ltr'><em>recibe</em></span> <span class='ocrx_word' id='word_1_105' title='bbox 1015 1771 1072 1799; x_wconf 91' lang='lat' dir='ltr'><em>en</em></span> <span class='ocrx_word' id='word_1_106' title='bbox 1094 1757 1137 1798; x_wconf 92' lang='lat' dir='ltr'><em>lo</em></span> <span class='ocrx_word' id='word_1_107' title='bbox 1171 1770 1260 1811; x_wconf 89' lang='lat' dir='ltr'><em>que</em></span> <span class='ocrx_word' id='word_1_108' title='bbox 1287 1770 1346 1812; x_wconf 88' lang='lat' dir='ltr'><em>yo</em></span> <span class='ocrx_word' id='word_1_109' title='bbox 1373 1756 1415 1799; x_wconf 89' lang='lat' dir='ltr'><em>le</em></span> <span class='ocrx_word' id='word_1_110' title='bbox 1448 1755 1789 1798; x_wconf 91' lang='lat' dir='ltr'><em>encomendaua</em></span> <span class='ocrx_word' id='word_1_111' title='bbox 1821 1755 1877 1797; x_wconf 93' lang='lat' dir='ltr'><em>de</em></span> 
     </span>
     <span class='ocr_line' id='line_1_17' title="bbox 230 1831 1877 1890; baseline -0.003 -12"><span class='ocrx_word' id='word_1_112' title='bbox 230 1836 386 1879; x_wconf 85' lang='lat' dir='ltr'><em>visitar</em></span> <span class='ocrx_word' id='word_1_113' title='bbox 408 1836 475 1878; x_wconf 88' lang='lat' dir='ltr'><em>los</em></span> <span class='ocrx_word' id='word_1_114' title='bbox 498 1835 701 1887; x_wconf 89' lang='lat' dir='ltr'><em>libreros,</em></span> <span class='ocrx_word' id='word_1_115' title='bbox 728 1849 836 1890; x_wconf 90' lang='lat' dir='ltr'><em>para</em></span> <span class='ocrx_word' id='word_1_116' title='bbox 859 1849 939 1877; x_wconf 89' lang='lat' dir='ltr'><em>ver</em></span> <span class='ocrx_word' id='word_1_117' title='bbox 955 1834 993 1876; x_wconf 89' lang='lat' dir='ltr'><em>si</em></span> <span class='ocrx_word' id='word_1_118' title='bbox 1009 1848 1067 1876; x_wconf 89' lang='lat' dir='ltr'><em>en</em></span> <span class='ocrx_word' id='word_1_119' title='bbox 1085 1834 1195 1877; x_wconf 88' lang='lat' dir='ltr'><em>ellos</em></span> <span class='ocrx_word' id='word_1_120' title='bbox 1212 1848 1261 1877; x_wconf 87' lang='lat' dir='ltr'><em>se</em></span> <span class='ocrx_word' id='word_1_121' title='bbox 1284 1833 1495 1876; x_wconf 91' lang='lat' dir='ltr'><em>hallauan</em></span> <span class='ocrx_word' id='word_1_122' title='bbox 1518 1833 1713 1888; x_wconf 82' lang='lat' dir='ltr'><em>algunos</em></span> <span class='ocrx_word' id='word_1_123' title='bbox 1735 1831 1877 1873; x_wconf 89' lang='lat' dir='ltr'><em>libros</em></span> 
     </span>
     <span class='ocr_line' id='line_1_18' title="bbox 231 1910 1877 1970; baseline -0.003 -14"><span class='ocrx_word' id='word_1_124' title='bbox 231 1913 527 1970; x_wconf 84' lang='lat' dir='ltr'><em>reprobados3</em></span> <span class='ocrx_word' id='word_1_125' title='bbox 569 1927 598 1968; x_wconf 90' lang='lat' dir='ltr'>y</span> <span class='ocrx_word' id='word_1_126' title='bbox 636 1911 776 1955; x_wconf 90' lang='lat' dir='ltr'><em>cierto</em></span> <span class='ocrx_word' id='word_1_127' title='bbox 809 1926 834 1954; x_wconf 92' lang='lat' dir='ltr'><em>e</em></span> <span class='ocrx_word' id='word_1_128' title='bbox 866 1912 1075 1967; x_wconf 86' lang='lat' dir='ltr'><em>quedado</em></span> <span class='ocrx_word' id='word_1_129' title='bbox 1108 1926 1216 1966; x_wconf 91' lang='lat' dir='ltr'><em>muy</em></span> <span class='ocrx_word' id='word_1_130' title='bbox 1249 1910 1497 1966; x_wconf 83' lang='lat' dir='ltr'><em>espantado</em></span> <span class='ocrx_word' id='word_1_131' title='bbox 1531 1910 1668 1962; x_wconf 86' lang='lat' dir='ltr'><em>dello,</em></span> <span class='ocrx_word' id='word_1_132' title='bbox 1704 1922 1877 1965; x_wconf 88' lang='lat' dir='ltr'><em>porque</em></span> 
     </span>
     <span class='ocr_line' id='line_1_19' title="bbox 224 1985 1876 2045; baseline -0.004 -11"><span class='ocrx_word' id='word_1_133' title='bbox 224 1991 389 2034; x_wconf 79' lang='lat' dir='ltr'><em>siendo</em></span> <span class='ocrx_word' id='word_1_134' title='bbox 410 2005 487 2033; x_wconf 88' lang='lat' dir='ltr'><em>esa</em></span> <span class='ocrx_word' id='word_1_135' title='bbox 508 1996 666 2033; x_wconf 83' lang='lat' dir='ltr'><em>sancta</em></span> <span class='ocrx_word' id='word_1_136' title='bbox 689 1990 944 2045; x_wconf 78' lang='lat' dir='ltr'><em>Compafiia</em></span> <span class='ocrx_word' id='word_1_137' title='bbox 965 1988 1182 2031; x_wconf 90' lang='lat' dir='ltr'><em>dedicada</em></span> <span class='ocrx_word' id='word_1_138' title='bbox 1204 2002 1312 2043; x_wconf 88' lang='lat' dir='ltr'><em>para</em></span> <span class='ocrx_word' id='word_1_139' title='bbox 1334 1989 1469 2029; x_wconf 86' lang='lat' dir='ltr'><em>hazer</em></span> <span class='ocrx_word' id='word_1_140' title='bbox 1497 1988 1671 2029; x_wconf 86' lang='lat' dir='ltr'><em>buenos</em></span> <span class='ocrx_word' id='word_1_141' title='bbox 1701 1985 1876 2028; x_wconf 87' lang='lat' dir='ltr'><em>exerci—</em></span> 
     </span>
    </p>
   </div>
   <div class='ocr_carea' id='block_1_9' title="bbox 308 2086 412 2088">
    <p class='ocr_par' dir='ltr' id='par_1_9' title="bbox 308 2086 412 2088">
     <span class='ocr_line' id='line_1_20' title="bbox 308 2086 412 2088; baseline 0 0"><span class='ocrx_word' id='word_1_142' title='bbox 308 2086 412 2088; x_wconf 95' lang='lat' dir='ltr'><em> </em></span> 
     </span>
    </p>
   </div>
   <div class='ocr_carea' id='block_1_10' title="bbox 226 2129 1887 3073">
    <p class='ocr_par' dir='ltr' id='par_1_10' title="bbox 304 2129 1636 2176">
     <span class='ocr_line' id='line_1_21' title="bbox 304 2129 1636 2176; baseline -0.004 -8"><span class='ocrx_word' id='word_1_143' title='bbox 304 2136 312 2155; x_wconf 95' lang='lat'><strong>¹</strong></span> <span class='ocrx_word' id='word_1_144' title='bbox 367 2133 503 2168; x_wconf 90' lang='lat' dir='ltr'><em>Sermo</em></span> <span class='ocrx_word' id='word_1_145' title='bbox 522 2139 583 2168; x_wconf 80' lang='lat' dir='ltr'><em>est</em></span> <span class='ocrx_word' id='word_1_146' title='bbox 601 2133 649 2167; x_wconf 91' lang='lat' dir='ltr'><em>de</em></span> <span class='ocrx_word' id='word_1_147' title='bbox 676 2130 913 2166; x_wconf 86' lang='lat' dir='ltr'><em>monasterio</em></span> <span class='ocrx_word' id='word_1_148' title='bbox 938 2131 1064 2166; x_wconf 81' lang='lat' dir='ltr'><em>Divae</em></span> <span class='ocrx_word' id='word_1_149' title='bbox 1090 2130 1249 2176; x_wconf 83' lang='lat' dir='ltr'><em>Mariae,</em></span> <span class='ocrx_word' id='word_1_150' title='bbox 1275 2130 1370 2165; x_wconf 82' lang='lat' dir='ltr'><em>dell¹</em></span> <span class='ocrx_word' id='word_1_151' title='bbox 1391 2130 1474 2164; x_wconf 81' lang='lat' dir='ltr'><em>alto</em></span> <span class='ocrx_word' id='word_1_152' title='bbox 1493 2129 1636 2164; x_wconf 88' lang='lat' dir='ltr'><em>dictae.</em></span> 
     </span>
    </p>

    <p class='ocr_par' dir='ltr' id='par_1_11' title="bbox 230 2187 1878 2289">
     <span class='ocr_line' id='line_1_22' title="bbox 299 2187 1878 2240; baseline -0.004 -12"><span class='ocrx_word' id='word_1_153' title='bbox 299 2196 313 2215; x_wconf 66' lang='lat'><em>2’</em></span> <span class='ocrx_word' id='word_1_154' title='bbox 365 2194 410 2228; x_wconf 91' lang='lat' dir='ltr'><em>In</em></span> <span class='ocrx_word' id='word_1_155' title='bbox 440 2193 664 2240; x_wconf 83' lang='lat' dir='ltr'><em>apographo</em></span> <span class='ocrx_word' id='word_1_156' title='bbox 687 2191 876 2237; x_wconf 85' lang='lat' dir='ltr'><em>scriptum</em></span> <span class='ocrx_word' id='word_1_157' title='bbox 900 2190 1028 2226; x_wconf 85' lang='lat' dir='ltr'><em>fuerat</em></span> <span class='ocrx_word' id='word_1_158' title='bbox 1053 2191 1160 2231; x_wconf 78' lang='lat' dir='ltr'><em>bien,</em></span> <span class='ocrx_word' id='word_1_159' title='bbox 1187 2190 1257 2225; x_wconf 87' lang='lat' dir='ltr'><em>sed</em></span> <span class='ocrx_word' id='word_1_160' title='bbox 1281 2190 1324 2224; x_wconf 88' lang='lat' dir='ltr'><em>P.</em></span> <span class='ocrx_word' id='word_1_161' title='bbox 1354 2190 1523 2224; x_wconf 88' lang='lat' dir='ltr'><em>Polanco</em></span> <span class='ocrx_word' id='word_1_162' title='bbox 1549 2188 1689 2223; x_wconf 88' lang='lat' dir='ltr'><em>melius</em></span> <span class='ocrx_word' id='word_1_163' title='bbox 1721 2187 1878 2234; x_wconf 82' lang='lat' dir='ltr'><em>scripsit</em></span> 
     </span>
     <span class='ocr_line' id='line_1_23' title="bbox 230 2254 388 2289; baseline -0.006 -1"><span class='ocrx_word' id='word_1_164' title='bbox 230 2254 388 2289; x_wconf 80' lang='lat' dir='ltr'><em>vienen.</em></span> 
     </span>
    </p>

    <p class='ocr_par' dir='ltr' id='par_1_12' title="bbox 226 2308 1887 3073">
     <span class='ocr_line' id='line_1_24' title="bbox 303 2308 1880 2358; baseline -0.004 -11"><span class='ocrx_word' id='word_1_165' title='bbox 303 2314 316 2333; x_wconf 76' lang='lat'><strong>³</strong></span> <span class='ocrx_word' id='word_1_166' title='bbox 367 2313 426 2347; x_wconf 85' lang='lat' dir='ltr'><em>Ex</em></span> <span class='ocrx_word' id='word_1_167' title='bbox 452 2317 697 2358; x_wconf 88' lang='lat' dir='ltr'><em>transumpto</em></span> <span class='ocrx_word' id='word_1_168' title='bbox 720 2321 867 2346; x_wconf 88' lang='lat' dir='ltr'><em>coaevo</em></span> <span class='ocrx_word' id='word_1_169' title='bbox 891 2315 931 2345; x_wconf 89' lang='lat' dir='ltr'><em>et</em></span> <span class='ocrx_word' id='word_1_170' title='bbox 949 2309 1190 2354; x_wconf 85' lang='lat' dir='ltr'><em>authentico,</em></span> <span class='ocrx_word' id='word_1_171' title='bbox 1219 2321 1308 2344; x_wconf 92' lang='lat' dir='ltr'><em>cum</em></span> <span class='ocrx_word' id='word_1_172' title='bbox 1337 2309 1612 2344; x_wconf 74' lang='lat' dir='ltr'><em>emendatione</em></span> <span class='ocrx_word' id='word_1_173' title='bbox 1640 2308 1880 2354; x_wconf 85' lang='lat' dir='ltr'><em>autographa</em></span> 
     </span>
     <span class='ocr_line' id='line_1_25' title="bbox 232 2368 1882 2418; baseline -0.004 -11"><span class='ocrx_word' id='word_1_174' title='bbox 232 2372 355 2407; x_wconf 88' lang='lat' dir='ltr'><em>Patris</em></span> <span class='ocrx_word' id='word_1_175' title='bbox 371 2371 509 2406; x_wconf 88' lang='lat' dir='ltr'><em>Nadal.</em></span> <span class='ocrx_word' id='word_1_176' title='bbox 528 2372 572 2406; x_wconf 91' lang='lat' dir='ltr'><em>In</em></span> <span class='ocrx_word' id='word_1_177' title='bbox 587 2372 714 2418; x_wconf 66' lang='lat' dir='ltr'><em>Epist.</em></span> <span class='ocrx_word' id='word_1_178' title='bbox 735 2371 884 2417; x_wconf 76' lang='lat' dir='ltr'><em>Episc.‚</em></span> <span class='ocrx_word' id='word_1_179' title='bbox 902 2371 933 2415; x_wconf 86' lang='grc' dir='ltr'><em>Ι,</em></span> <span class='ocrx_word' id='word_1_180' title='bbox 948 2370 1063 2404; x_wconf 90' lang='lat' dir='ltr'><em>unico</em></span> <span class='ocrx_word' id='word_1_181' title='bbox 1078 2369 1161 2414; x_wconf 85' lang='lat' dir='ltr'><em>fol.,</em></span> <span class='ocrx_word' id='word_1_182' title='bbox 1177 2377 1221 2414; x_wconf 85' lang='lat'><em>95</em></span> <span class='ocrx_word' id='word_1_183' title='bbox 1237 2372 1351 2413; x_wconf 80' lang='lat'>(175).</span> <span class='ocrx_word' id='word_1_184' title='bbox 1366 2370 1477 2403; x_wconf 87' lang='lat' dir='ltr'><em>Hanc</em></span> <span class='ocrx_word' id='word_1_185' title='bbox 1493 2368 1700 2415; x_wconf 88' lang='lat' dir='ltr'><em>epistolam</em></span> <span class='ocrx_word' id='word_1_186' title='bbox 1714 2378 1882 2402; x_wconf 89' lang='lat' dir='ltr'><em>comme-</em></span> 
     </span>
     <span class='ocr_line' id='line_1_26' title="bbox 233 2427 1880 2475; baseline -0.004 -9"><span class='ocrx_word' id='word_1_187' title='bbox 233 2437 356 2467; x_wconf 89' lang='lat' dir='ltr'>morat</span> <span class='ocrx_word' id='word_1_188' title='bbox 375 2431 417 2466; x_wconf 87' lang='lat' dir='ltr'><em>P.</em></span> <span class='ocrx_word' id='word_1_189' title='bbox 439 2431 658 2475; x_wconf 85' lang='lat' dir='ltr'>POLANCO,</span> <span class='ocrx_word' id='word_1_190' title='bbox 683 2430 849 2471; x_wconf 52' lang='lat' dir='ltr'><em>Charon„</em></span> <span class='ocrx_word' id='word_1_191' title='bbox 870 2430 921 2474; x_wconf 88' lang='lat' dir='ltr'><em>II,</em></span> <span class='ocrx_word' id='word_1_192' title='bbox 942 2428 1002 2474; x_wconf 85' lang='lat'><em>35,</em></span> <span class='ocrx_word' id='word_1_193' title='bbox 1023 2429 1090 2464; x_wconf 86' lang='lat' dir='ltr'><em>ubi</em></span> <span class='ocrx_word' id='word_1_194' title='bbox 1108 2430 1204 2464; x_wconf 91' lang='lat' dir='ltr'><em>haec</em></span> <span class='ocrx_word' id='word_1_195' title='bbox 1223 2429 1379 2463; x_wconf 84' lang='lat' dir='ltr'><em>scribit:</em></span> <span class='ocrx_word' id='word_1_196' title='bbox 1402 2429 1643 2475; x_wconf 84' lang='lat' dir='ltr'><em>«Episcopus</em></span> <span class='ocrx_word' id='word_1_197' title='bbox 1667 2427 1880 2474; x_wconf 82' lang='lat' dir='ltr'><em>pactensis‚</em></span> 
     </span>
     <span class='ocr_line' id='line_1_27' title="bbox 231 2487 1882 2537; baseline -0.003 -11"><span class='ocrx_word' id='word_1_198' title='bbox 231 2491 452 2527; x_wconf 89' lang='lat' dir='ltr'><em>haereticae</em></span> <span class='ocrx_word' id='word_1_199' title='bbox 470 2491 676 2537; x_wconf 86' lang='lat' dir='ltr'><em>pravitatis</em></span> <span class='ocrx_word' id='word_1_200' title='bbox 696 2490 921 2536; x_wconf 90' lang='lat' dir='ltr'><em>Inquisitor,</em></span> <span class='ocrx_word' id='word_1_201' title='bbox 942 2489 990 2523; x_wconf 90' lang='lat' dir='ltr'><em>ad</em></span> <span class='ocrx_word' id='word_1_202' title='bbox 1008 2489 1052 2523; x_wconf 90' lang='grc' dir='ltr'><em>Ρ.</em></span> <span class='ocrx_word' id='word_1_203' title='bbox 1074 2489 1254 2523; x_wconf 80' lang='lat' dir='ltr'><em>Natalem</em></span> <span class='ocrx_word' id='word_1_204' title='bbox 1274 2489 1499 2534; x_wconf 80' lang='lat' dir='ltr'><em>scripserat,</em></span> <span class='ocrx_word' id='word_1_205' title='bbox 1521 2494 1563 2522; x_wconf 90' lang='lat' dir='ltr'><em>ut</em></span> <span class='ocrx_word' id='word_1_206' title='bbox 1581 2488 1710 2534; x_wconf 90' lang='lat' dir='ltr'><em>aliqua</em></span> <span class='ocrx_word' id='word_1_207' title='bbox 1728 2487 1777 2521; x_wconf 89' lang='lat' dir='ltr'><em>ad</em></span> <span class='ocrx_word' id='word_1_208' title='bbox 1795 2498 1882 2521; x_wconf 88' lang='lat' dir='ltr'><em>san—</em></span> 
     </span>
     <span class='ocr_line' id='line_1_28' title="bbox 230 2546 1882 2596; baseline -0.003 -10"><span class='ocrx_word' id='word_1_209' title='bbox 230 2556 337 2586; x_wconf 89' lang='lat' dir='ltr'><em>ctum</em></span> <span class='ocrx_word' id='word_1_210' title='bbox 355 2551 465 2585; x_wconf 89' lang='lat' dir='ltr'><em>illum</em></span> <span class='ocrx_word' id='word_1_211' title='bbox 483 2550 654 2585; x_wconf 87' lang='lat' dir='ltr'><em>officium</em></span> <span class='ocrx_word' id='word_1_212' title='bbox 673 2549 910 2596; x_wconf 83' lang='lat' dir='ltr'><em>pertinentia</em></span> <span class='ocrx_word' id='word_1_213' title='bbox 928 2554 1203 2595; x_wconf 83' lang='lat' dir='ltr'><em>exequeretur3</em></span> <span class='ocrx_word' id='word_1_214' title='bbox 1226 2554 1265 2583; x_wconf 88' lang='lat' dir='ltr'><em>at</em></span> <span class='ocrx_word' id='word_1_215' title='bbox 1284 2548 1374 2595; x_wconf 88' lang='lat' dir='ltr'><em>quia</em></span> <span class='ocrx_word' id='word_1_216' title='bbox 1392 2548 1647 2583; x_wconf 87' lang='lat' dir='ltr'><em>criminaliter</em></span> <span class='ocrx_word' id='word_1_217' title='bbox 1671 2546 1882 2594; x_wconf 86' lang='lat' dir='ltr'><em>proceden-</em></span> 
     </span>
     <span class='ocr_line' id='line_1_29' title="bbox 226 2606 1882 2655; baseline -0.002 -10"><span class='ocrx_word' id='word_1_218' title='bbox 226 2610 323 2645; x_wconf 89' lang='lat' dir='ltr'><em>dum</em></span> <span class='ocrx_word' id='word_1_219' title='bbox 355 2615 452 2655; x_wconf 85' lang='lat' dir='ltr'><em>erat,</em></span> <span class='ocrx_word' id='word_1_220' title='bbox 480 2621 559 2645; x_wconf 90' lang='lat' dir='ltr'><em>non</em></span> <span class='ocrx_word' id='word_1_221' title='bbox 585 2610 624 2644; x_wconf 88' lang='lat' dir='ltr'><em>id</em></span> <span class='ocrx_word' id='word_1_222' title='bbox 654 2622 795 2644; x_wconf 89' lang='lat' dir='ltr'><em>munus</em></span> <span class='ocrx_word' id='word_1_223' title='bbox 825 2608 1047 2655; x_wconf 84' lang='lat' dir='ltr'><em>acceptavit</em></span> <span class='ocrx_word' id='word_1_224' title='bbox 1077 2608 1120 2642; x_wconf 89' lang='lat' dir='ltr'><em>P.</em></span> <span class='ocrx_word' id='word_1_225' title='bbox 1154 2608 1320 2652; x_wconf 87' lang='lat' dir='ltr'><em>Natalis,</em></span> <span class='ocrx_word' id='word_1_226' title='bbox 1353 2609 1416 2643; x_wconf 92' lang='lat' dir='ltr'><em>cui</em></span> <span class='ocrx_word' id='word_1_227' title='bbox 1442 2607 1644 2654; x_wconf 89' lang='lat' dir='ltr'><em>rescripsit</em></span> <span class='ocrx_word' id='word_1_228' title='bbox 1671 2606 1882 2653; x_wconf 87' lang='lat' dir='ltr'><em>Inquisitor</em></span> 
     </span>
     <span class='ocr_line' id='line_1_30' title="bbox 227 2666 1884 2716; baseline -0.004 -11"><span class='ocrx_word' id='word_1_229' title='bbox 227 2670 412 2705; x_wconf 85' lang='lat' dir='ltr'><em>admirari</em></span> <span class='ocrx_word' id='word_1_230' title='bbox 431 2682 473 2705; x_wconf 89' lang='lat' dir='ltr'><em>se</em></span> <span class='ocrx_word' id='word_1_231' title='bbox 493 2670 734 2715; x_wconf 81' lang='lat' dir='ltr'><em>significans,</em></span> <span class='ocrx_word' id='word_1_232' title='bbox 754 2669 857 2716; x_wconf 88' lang='lat' dir='ltr'><em>quod</em></span> <span class='ocrx_word' id='word_1_233' title='bbox 875 2667 1098 2714; x_wconf 87' lang='lat' dir='ltr'><em>hujusmodi</em></span> <span class='ocrx_word' id='word_1_234' title='bbox 1114 2680 1254 2703; x_wconf 90' lang='lat' dir='ltr'><em>munus</em></span> <span class='ocrx_word' id='word_1_235' title='bbox 1270 2668 1317 2702; x_wconf 91' lang='lat' dir='ltr'><em>ad</em></span> <span class='ocrx_word' id='word_1_236' title='bbox 1332 2669 1516 2703; x_wconf 78' lang='lat' dir='ltr'><em>haereses</em></span> <span class='ocrx_word' id='word_1_237' title='bbox 1531 2666 1783 2713; x_wconf 82' lang='lat' dir='ltr'><em>extirpandas</em></span> <span class='ocrx_word' id='word_1_238' title='bbox 1798 2677 1884 2712; x_wconf 88' lang='lat' dir='ltr'><em>per-</em></span> 
     </span>
     <span class='ocr_line' id='line_1_31' title="bbox 233 2725 1885 2775; baseline -0.003 -10"><span class='ocrx_word' id='word_1_239' title='bbox 233 2730 362 2765; x_wconf 90' lang='lat' dir='ltr'><em>tinens</em></span> <span class='ocrx_word' id='word_1_240' title='bbox 381 2735 596 2774; x_wconf 87' lang='lat' dir='ltr'><em>recusaret,</em></span> <span class='ocrx_word' id='word_1_241' title='bbox 617 2741 690 2764; x_wconf 92' lang='lat' dir='ltr'><em>nec</em></span> <span class='ocrx_word' id='word_1_242' title='bbox 709 2730 787 2764; x_wconf 91' lang='lat' dir='ltr'><em>ulla</em></span> <span class='ocrx_word' id='word_1_243' title='bbox 806 2727 1013 2775; x_wconf 82' lang='lat' dir='ltr'><em>privilegia</em></span> <span class='ocrx_word' id='word_1_244' title='bbox 1033 2727 1161 2762; x_wconf 91' lang='lat' dir='ltr'><em>valida</em></span> <span class='ocrx_word' id='word_1_245' title='bbox 1181 2728 1263 2762; x_wconf 80' lang='lat' dir='ltr'><em>fore</em></span> <span class='ocrx_word' id='word_1_246' title='bbox 1279 2728 1318 2762; x_wconf 89' lang='lat' dir='ltr'><em>in</em></span> <span class='ocrx_word' id='word_1_247' title='bbox 1334 2728 1409 2772; x_wconf 84' lang='lat' dir='ltr'><em>his,</em></span> <span class='ocrx_word' id='word_1_248' title='bbox 1426 2739 1525 2774; x_wconf 90' lang='lat' dir='ltr'><em>quae</em></span> <span class='ocrx_word' id='word_1_249' title='bbox 1541 2727 1589 2761; x_wconf 89' lang='lat' dir='ltr'><em>ad</em></span> <span class='ocrx_word' id='word_1_250' title='bbox 1603 2726 1773 2761; x_wconf 84' lang='lat' dir='ltr'><em>officium</em></span> <span class='ocrx_word' id='word_1_251' title='bbox 1789 2725 1885 2760; x_wconf 89' lang='lat' dir='ltr'><em>illud</em></span> 
     </span>
     <span class='ocr_line' id='line_1_32' title="bbox 232 2785 1887 2835; baseline -0.003 -11"><span class='ocrx_word' id='word_1_252' title='bbox 232 2789 431 2835; x_wconf 88' lang='lat' dir='ltr'><em>pertinent</em></span> <span class='ocrx_word' id='word_1_253' title='bbox 449 2788 704 2824; x_wconf 89' lang='lat' dir='ltr'><em>detrectanda</em></span> <span class='ocrx_word' id='word_1_254' title='bbox 722 2789 952 2823; x_wconf 87' lang='lat' dir='ltr'><em>affirmabat.</em></span> <span class='ocrx_word' id='word_1_255' title='bbox 980 2787 1059 2822; x_wconf 87' lang='lat' dir='ltr'><em>Sed</em></span> <span class='ocrx_word' id='word_1_256' title='bbox 1091 2793 1221 2822; x_wconf 89' lang='lat' dir='ltr'><em>tamen</em></span> <span class='ocrx_word' id='word_1_257' title='bbox 1252 2792 1411 2834; x_wconf 87' lang='lat' dir='ltr'><em>propter</em></span> <span class='ocrx_word' id='word_1_258' title='bbox 1442 2799 1531 2821; x_wconf 90' lang='lat' dir='ltr'><em>eum</em></span> <span class='ocrx_word' id='word_1_259' title='bbox 1562 2786 1762 2821; x_wconf 86' lang='lat' dir='ltr'><em>charitatis</em></span> <span class='ocrx_word' id='word_1_260' title='bbox 1793 2785 1887 2820; x_wconf 84' lang='lat' dir='ltr'><em>affe-</em></span> 
     </span>
     <span class='ocr_line' id='line_1_33' title="bbox 227 2845 1884 2895; baseline -0.002 -12"><span class='ocrx_word' id='word_1_261' title='bbox 227 2853 353 2893; x_wconf 87' lang='lat' dir='ltr'><em>ctum,</em></span> <span class='ocrx_word' id='word_1_262' title='bbox 373 2860 449 2895; x_wconf 89' lang='lat' dir='ltr'><em>quo</em></span> <span class='ocrx_word' id='word_1_263' title='bbox 481 2848 721 2883; x_wconf 88' lang='lat' dir='ltr'><em>Societatem</em></span> <span class='ocrx_word' id='word_1_264' title='bbox 752 2848 1102 2894; x_wconf 84' lang='lat' dir='ltr'><em>complectebatur,</em></span> <span class='ocrx_word' id='word_1_265' title='bbox 1132 2847 1426 2881; x_wconf 87' lang='lat' dir='ltr'><em>excusationem</em></span> <span class='ocrx_word' id='word_1_266' title='bbox 1453 2846 1493 2881; x_wconf 88' lang='lat' dir='ltr'><em>in</em></span> <span class='ocrx_word' id='word_1_267' title='bbox 1523 2845 1610 2880; x_wconf 89' lang='lat' dir='ltr'><em>aliis</em></span> <span class='ocrx_word' id='word_1_268' title='bbox 1642 2845 1812 2890; x_wconf 79' lang='lat' dir='ltr'><em>admisit3</em></span> <span class='ocrx_word' id='word_1_269' title='bbox 1845 2845 1884 2880; x_wconf 94' lang='lat' dir='ltr'><em>in</em></span> 
     </span>
     <span class='ocr_line' id='line_1_34' title="bbox 235 2905 1883 2952; baseline -0.002 -9"><span class='ocrx_word' id='word_1_270' title='bbox 235 2908 344 2943; x_wconf 90' lang='lat' dir='ltr'><em>libris</em></span> <span class='ocrx_word' id='word_1_271' title='bbox 363 2913 495 2943; x_wconf 80' lang='lat' dir='ltr'><em>tamen</em></span> <span class='ocrx_word' id='word_1_272' title='bbox 514 2907 709 2952; x_wconf 85' lang='lat' dir='ltr'><em>videndis,</em></span> <span class='ocrx_word' id='word_1_273' title='bbox 727 2920 776 2942; x_wconf 89' lang='lat' dir='ltr'><em>an</em></span> <span class='ocrx_word' id='word_1_274' title='bbox 790 2906 979 2942; x_wconf 87' lang='lat' dir='ltr'><em>haeretici</em></span> <span class='ocrx_word' id='word_1_275' title='bbox 994 2911 1129 2941; x_wconf 90' lang='lat' dir='ltr'><em>essent</em></span> <span class='ocrx_word' id='word_1_276' title='bbox 1142 2918 1281 2950; x_wconf 88' lang='lat' dir='ltr'><em>necne,</em></span> <span class='ocrx_word' id='word_1_277' title='bbox 1299 2918 1457 2952; x_wconf 88' lang='lat' dir='ltr'><em>operam</em></span> <span class='ocrx_word' id='word_1_278' title='bbox 1471 2911 1691 2940; x_wconf 89' lang='lat' dir='ltr'><em>nostrorum</em></span> <span class='ocrx_word' id='word_1_279' title='bbox 1707 2917 1750 2939; x_wconf 90' lang='lat' dir='ltr'><em>se</em></span> <span class='ocrx_word' id='word_1_280' title='bbox 1765 2905 1883 2940; x_wconf 89' lang='lat' dir='ltr'><em>etiam</em></span> 
     </span>
     <span class='ocr_line' id='line_1_35' title="bbox 233 2965 1887 3013; baseline -0.002 -11"><span class='ocrx_word' id='word_1_281' title='bbox 233 2974 326 3003; x_wconf 83' lang='lat' dir='ltr'><em>tunc</em></span> <span class='ocrx_word' id='word_1_282' title='bbox 345 2967 583 3011; x_wconf 88' lang='lat' dir='ltr'><em>desiderare,</em></span> <span class='ocrx_word' id='word_1_283' title='bbox 604 2979 677 3002; x_wconf 90' lang='lat' dir='ltr'><em>nec</em></span> <span class='ocrx_word' id='word_1_284' title='bbox 693 2967 798 3013; x_wconf 87' lang='lat' dir='ltr'><em>juste</em></span> <span class='ocrx_word' id='word_1_285' title='bbox 818 2967 953 3012; x_wconf 85' lang='lat' dir='ltr'><em>negari</em></span> <span class='ocrx_word' id='word_1_286' title='bbox 973 2978 1088 3013; x_wconf 82' lang='lat' dir='ltr'><em>posse</em></span> <span class='ocrx_word' id='word_1_287' title='bbox 1108 2966 1360 3011; x_wconf 81' lang='lat' dir='ltr'><em>significavit.</em></span> <span class='ocrx_word' id='word_1_288' title='bbox 1388 2967 1523 3011; x_wconf 87' lang='lat' dir='ltr'><em>Itaque</em></span> <span class='ocrx_word' id='word_1_289' title='bbox 1548 2965 1588 2999; x_wconf 90' lang='lat' dir='ltr'><em>in</em></span> <span class='ocrx_word' id='word_1_290' title='bbox 1607 2965 1802 3010; x_wconf 74' lang='lat' dir='ltr'><em>suspectis</em></span> <span class='ocrx_word' id='word_1_291' title='bbox 1817 2965 1887 2998; x_wconf 90' lang='lat' dir='ltr'><em>hu-</em></span> 
     </span>
     <span class='ocr_line' id='line_1_36' title="bbox 230 3026 1564 3073; baseline -0.002 -11"><span class='ocrx_word' id='word_1_292' title='bbox 230 3026 403 3073; x_wconf 84' lang='lat' dir='ltr'><em>jusmodi</em></span> <span class='ocrx_word' id='word_1_293' title='bbox 422 3026 532 3061; x_wconf 84' lang='lat' dir='ltr'><em>libris</em></span> <span class='ocrx_word' id='word_1_294' title='bbox 553 3027 822 3062; x_wconf 85' lang='lat' dir='ltr'><em>examinandis</em></span> <span class='ocrx_word' id='word_1_295' title='bbox 842 3026 1068 3073; x_wconf 87' lang='lat' dir='ltr'><em>Inquisitori</em></span> <span class='ocrx_word' id='word_1_296' title='bbox 1086 3026 1348 3070; x_wconf 83' lang='lat' dir='ltr'><em>gratificatum</em></span> <span class='ocrx_word' id='word_1_297' title='bbox 1368 3031 1442 3069; x_wconf 83' lang='lat' dir='ltr'><em>est,</em></span> <span class='ocrx_word' id='word_1_298' title='bbox 1464 3030 1564 3059; x_wconf 79' lang='lat' dir='ltr'><em>etc.»</em></span> 
     </span>
    </p>
   </div>
  </div>
 </body>
</html>
