2038 3313
862 211 1085 246 APPENmX
1720 213 1785 248 811

143 305 471 362 diligentiaque
500 307 661 351 fratres
690 307 735 349 in
758 310 844 350 hoc
872 323 1012 351 vnum
1041 308 1329 360 incumbunt,
1362 316 1411 350 vt
1440 308 1790 352 constitutiones

143 366 422 421 regulaeque
443 374 702 419 seruentur,
729 368 902 411 animos
924 375 1082 411 sancta
1098 367 1357 412 obedientia
1374 368 1431 411 ad
1449 368 1631 423 quiduis
1649 383 1790 424 expo—

142 424 254 467 sitos
291 440 469 481 semper
501 434 774 482 paratosque
812 427 1031 471 inueniat.
1074 429 1142 470 Ex
1179 442 1270 482 quo
1308 429 1376 480 fit,
1417 435 1466 470 vt
1503 435 1788 471 constantem

142 486 384 539 quemdam
406 485 453 528 in
475 486 715 531 vocatione
738 487 902 531 mentis
919 487 1124 544 vigorem
1152 487 1250 544 ipsa
1266 488 1422 530 vultus
1439 488 1664 531 hilaritate
1681 503 1789 545 prae

144 558 194 588 se
217 545 418 588 ferant..,
450 546 478 587 ¹.

942 616 992 648 21

231 664 306 706 Ex
334 665 417 708 litt.
451 666 683 721 quadrim.
710 667 998 709 Ferdinmzdz'
1020 668 1174 710 Pires.
1202 668 1487 720 Βναείιαναε,
1512 679 1537 709 J
1559 667 1788 723 januarii

143 725 392 776 1562.—...
419 727 469 768 In
492 726 718 781 praesenti
740 742 898 769 sumus
921 727 994 770 hic
1012 742 1200 770 numero
1224 738 1290 781 15,
1313 742 1505 782 quorum
1530 738 1554 780 7
1574 727 1786 770 sacerdo—

141 789 223 835 tes,
250 783 411 839 reliqui
434 786 458 827 8
483 792 591 828 sunt
612 785 727 829 laici.
757 787 1096 843 Occupationes
1118 802 1209 829 non
1239 787 1352 830 aliae
1381 793 1488 829 sunt
1519 793 1656 842 atque
1684 786 1785 829 illae

137 843 340 898 eaedem,
361 844 527 899 quibus
540 861 595 889 ex
613 845 822 889 instituto
840 855 994 890 nostro
1013 847 1315 899 assueuimus3
1337 847 1498 889 modus
1509 846 1785 902 procedendi

136 901 173 944 is
197 910 266 946 est
293 903 496 957 omnino,
529 919 664 960 quern
700 906 894 962 primum
926 909 1062 950 Pater
1091 907 1265 950 Natalis
1295 906 1624 962 praescriptum
1653 905 1784 948 nobis

135 964 490 1017 commendauit,
522 972 567 1008 et
604 965 650 1007 in
689 975 843 1010 nostra
871 967 959 1009 fide
989 981 1041 1009 ac
1079 966 1300 1023 religione
1337 965 1561 1021 deposuit.
1604 964 1783 1009 Deinde

137 1022 274 1066 Pater
302 1023 592 1079 prouincialis
630 1027 860 1069 Gonsalus
892 1028 1004 1078 VaZ,
1037 1041 1142 1069 cum
1176 1025 1507 1078 nosvisitaret,
1540 1025 1783 1081 praecipue

134 1083 475 1127 commendauit
496 1085 647 1128 omnia
669 1101 738 1138 ea,
765 1101 881 1142 quae
904 1086 1068 1129 tradita
1098 1088 1292 1138 fuerant,
1325 1085 1596 1128 articulatim
1620 1084 1782 1127 distin—

135 1147 299 1196 cteque
321 1145 590 1200 exponendo
613 1152 658 1189 et
681 1147 1059 1190 communicando
1082 1146 1378 1189 nobiscum...
1405 1146 1438 1188 ².

928 1215 986 1248 22

224 1262 300 1304 Ex
322 1263 406 1306 litt.
439 1265 671 1319 quadrina.
705 1281 734 1307 (ι
762 1267 944 1308 nemine
971 1267 1253 1321 subscriptis.
1286 1266 1476 1317 Elmwze,
1501 1264 1528 1306 8
1549 1265 1779 1321 januarii

136 1323 384 1374 [562.—...
420 1324 537 1366 Cum
561 1339 660 1368 sese
683 1326 975 1369 Conimbrica
997 1326 1067 1383 [Ρ.
1100 1326 1261 1385 Nadal]
1290 1326 1347 1368 ad
1376 1340 1459 1367 nos
1488 1323 1774 1376 contulisset,

132 1381 374 1435 quominus
396 1398 449 1425 ea
473 1392 837 1440 persequeretur,
864 1401 981 1441 quae
1003 1387 1060 1429 ad
1082 1388 1169 1428 hoc
1186 1393 1392 1429 nostrum
1409 1384 1653 1440 collegium
1673 1398 1776 1439 spe-

131 1442 332 1494 ctabant,
359 1442 644 1486 incommoda
668 1445 929 1489 ualetudine
952 1445 1196 1501 impeditus
1219 1453 1303 1488 est.
1331 1446 1483 1500 Quam
1506 1445 1564 1486 ob
1592 1458 1776 1487 causam

132 1500 459 1556 Olysipponem
484 1512 670 1547 coactus
698 1505 995 1561 demigrauit3
1022 1507 1141 1550 vnde
1165 1507 1300 1562 paulo
1330 1512 1432 1561 post
1454 1505 1584 1546 firma
1612 1517 1773 1558 corpo-

128 1558 189 1602 ris
211 1561 539 1606 constitutione
568 1565 625 1606 ad
647 1578 729 1607 nos
752 1565 943 1617 reuenit,
978 1580 1179 1621 remque,
1213 1580 1347 1621 quam
1377 1564 1635 1606 inchoatam
1669 1562 1773 1604 reli-

128 1627 305 1675 querat,
332 1635 435 1664 cum
459 1637 627 1679 magno
645 1624 846 1668 omnium
877 1626 1066 1668 fratrum
1096 1626 1402 1670 emolumento
1431 1632 1568 1679 atque
1597 1622 1772 1665 animo-

128 1693 227 1722 rum
253 1681 404 1725 fructu
427 1683 673 1739 expediuit.

216 1741 375 1796 Itaque
402 1741 449 1784 in
478 1743 677 1799 suscepti
707 1744 879 1800 negotii
910 1745 1228 1800 perfunctione
1262 1759 1351 1787 non
1382 1743 1610 1786 modicum
1640 1741 1771 1784 nobis

127 1799 183 1841 ad
206 1814 340 1844 omne
363 1801 583 1845 uirtutum
606 1818 755 1859 genus
772 1803 1117 1848 incitamentum
1140 1804 1328 1856 addidit,
1349 1818 1434 1847 nec
1457 1818 1548 1845 non
1572 1802 1618 1844 in
1638 1801 1770 1844 suaui

126 1858 367 1903 Societatis
404 1861 590 1906 uiuendi
628 1863 801 1906 ratione
839 1865 1015 1908 erudite
1052 1879 1161 1907 sane
1199 1879 1251 1907 ac
1289 1864 1517 1919 sapienter
1554 1861 1766 1904 instituit.

128 1920 313 1962 Praeter
335 1935 412 1963 eos
436 1922 554 1965 enim
578 1938 825 1974 sermones,
851 1939 964 1979 quos
987 1926 1044 1968 de
1065 1932 1220 1967 nostro
1238 1924 1446 1966 instituto
1464 1921 1648 1966 alternis
1671 1921 1767 1964 die—

124 1978 210 2021 bus
226 1980 400 2032 habuit,
417 1982 617 2036 priuatas
635 1983 770 2026 etiam
788 1984 1126 2028 exhortationes
1144 1984 1200 2028 ad
1219 1984 1477 2039 augendam
1495 1980 1632 2024 animi
1649 1981 1767 2023 salu-

124 2044 214 2079 tem
243 2039 458 2094 perutiles
495 2056 599 2084 cum
637 2044 853 2098 quadam,
887 2051 937 2086 ut
965 2045 1095 2096 solet,
1128 2044 1410 2087 humanitate
1439 2058 1491 2086 ac
1522 2043 1765 2085 uerborum

122 2096 308 2142 leuitate
332 2100 592 2156 frequenter
614 2102 835 2146 adhibuit.

123 2215 130 2222 .
211 2158 280 2201 Ν6
319 2173 428 2202 uero
466 2161 636 2216 aliquid
668 2163 1125 2218 praetermitteretur,
1159 2164 1280 2218 quod
1308 2165 1426 2205 hanc
1456 2161 1554 2206 eius
1582 2174 1763 2216 operam

121 2224 316 2270 1uuaret,
356 2218 497 2274 ipsius
526 2220 669 2276 iussu,
706 2222 866 2265 animis
894 2223 1138 2279 superioris
1170 2223 1290 2266 uitae
1320 2222 1529 2265 sordibus
1558 2218 1765 2264 semestri

121 2277 410 2321 confessione
427 2280 634 2336 expiatis,
654 2296 757 2324 cum
773 2298 946 2338 preces,
968 2298 1085 2338 quas*
1098 2282 1276 2325 litanias
1294 2289 1477 2333 uocant,
1492 2283 1590 2323 Deo
1608 2294 1765 2322 omnes

122 2335 359 2389 fudissent,
386 2353 526 2394 seque
552 2341 722 2397 flagris,
749 2350 800 2385 ut
828 2358 925 2385 mos
953 2351 1022 2386 est
1045 2342 1277 2395 Societati,
1309 2340 1624 2392 caecidissent,
1657 2346 1765 2381 uota

121 2409 225 2438 cum
249 2395 424 2452 ingenti
447 2399 698 2443 animorum
723 2403 958 2458 uoluptate
981 2403 1274 2459 repetierunt.

211 2455 425 2501 Eiusdem
448 2473 580 2514 porro
603 2460 824 2505 industria
847 2464 1060 2506 effectum
1082 2470 1151 2505 est
1170 2470 1220 2504 ut
1242 2476 1399 2505 omnes
1422 2460 1556 2503 simul
1578 2465 1762 2514 tyrones

120 2528 224 2616 {ugr
248 2530 331 2559 suo
354 2518 573 2574 magistro
602 2519 648 2563 in
680 2536 862 2565 recessu
887 2524 1082 2578 quodam
1112 2538 1137 2565 a
1166 2521 1339 2576 reliqua
1365 2521 1503 2563 domo
1534 2517 1761 2561 disiuncto

152 2590 178 2618 a
212 2581 431 2620 1tarent...
459 2579 490 2621 ³.

908 2649 965 2682 23

207 2696 265 2737 P.
298 2696 573 2740 Emmanuel
600 2700 810 2752 Alvm'ez,
843 2702 982 2743 Patri
1008 2703 1198 2744 Lainez.
1230 2700 1555 2749 Com‘mbmffcae‚
1572 2697 1757 2753 Ja‘nsucz-

117 2754 187 2795 rio
217 2756 461 2808 1562.—...
495 2759 548 2800 El
586 2760 734 2802 Padre
770 2759 1021 2815 prouincia]
1049 2776 1107 2816 ya
1129 2763 1186 2803 ha
1209 2762 1305 2803 dias
1334 2774 1423 2814 que
1452 2761 1549 2802 esta
1571 2758 1675 2811 aqui
1699 2770 1756 2798 en

114 2812 342 2857 Coimbra.
376 2816 517 2860 Entre
544 2825 666 2861 otras
697 2833 827 2862 cosas
865 2835 914 2864 se
951 2835 1125 2876 occupa
1157 2836 1214 2864 en
1244 2827 1388 2862 tomar
1410 2823 1577 2860 cuenta
1605 2816 1661 2858 de
1689 2814 1755 2856 las

190 2970 196 2989 ¹
250 2969 308 3003 Ex
329 2969 444 3016 Hisp.
466 2971 594 3017 Epist.
615 2973 723 3016 1562.
744 2975 818 3017 IV,
839 2974 904 3009 fol.
930 2976 1006 3010 162.

187 3018 199 3036 “³
252 3016 308 3050 Ex
327 3017 455 3053 Lusit.
475 3019 842 3067 Epist.1561-1563.
866 3023 919 3064 II,
940 3022 1005 3059 fol.
1028 3023 1096 3069 248
1119 3026 1141 3057 ¹.

188 3064 201 3083 ⁵
252 3063 370 3110 Ibid.,
390 3064 455 3102 fol.
477 3075 558 3111 510.
