2038 3313
874 195 1076 241 1545-1546
1241 223 1244 225 -
1752 204 1797 241 25

151 305 290 353 atque
312 298 600 340 admonerem
624 312 681 341 ne
704 304 795 340 tam
813 297 944 340 facile
961 298 1167 341 crederet
1183 297 1353 340 homini
1371 297 1546 353 ignoto,
1568 297 1696 352 quasi
1720 298 1797 352 qui

153 390 227 418 me
246 376 381 418 vellet
402 391 456 418 ea
478 375 700 418 industria
722 375 778 417 ab
802 375 1005 417 Antonio
1035 375 1246 417 alienare.
1281 374 1433 419 Subiit
1462 389 1533 416 me
1562 375 1796 430 paululum

153 452 439 505 turbationis,
465 460 509 496 et
532 452 654 495 volui
677 467 702 495 e
725 452 919 509 vestigio
937 467 1156 495 excusare
1172 451 1423 504 hominem3
1446 451 1628 494 subdidi
1647 458 1799 493 tamen

154 544 227 572 me
249 530 311 572 ita
333 532 576 582 facturum,
602 537 651 572 vt
673 529 873 572 iubebat.
901 529 1172 585 Respondit:
1199 530 1328 572 «Hoc
1345 528 1490 584 primo
1508 529 1607 571 loco
1627 528 1711 569 fuit
1729 527 1799 569 di—

151 608 393 650 cendum.»
437 607 578 650 Obiui
610 607 730 649 illam
763 606 1084 658 obedientiam,
1120 620 1205 649 nec
1228 605 1337 648 mihi
1360 605 1490 648 offuit
1512 605 1800 648 consuetudo

154 699 259 728 cum
282 684 483 728 eremita.

245 763 316 819 89.
384 762 472 805 Hic
484 761 723 805 sublimem
734 762 976 817 quamdam
992 761 1249 817 opinionem
1265 760 1518 804 sanctitatis
1530 761 1587 803 de
1601 762 1652 802 P.
1667 761 1800 816 Igna-

154 839 216 882 tio
239 840 468 895 concepit3
496 839 619 882 Patri
644 847 795 882 tamen
817 838 994 896 Ignatio
1018 854 1109 881 non
1133 840 1375 881 admodum
1398 837 1584 894 placuit,
1611 838 1667 880 de
1689 852 1796 892 quo,

155 932 294 972 quum
318 932 406 973 ego
429 917 575 973 ipsum
600 917 945 973 interrogarem,
977 916 1076 959 «hic
1100 916 1273 974 (inquit)
1297 931 1390 959 non
1414 915 1585 959 tenebit
1609 929 1633 970 3
1656 929 1800 958 annos

153 994 309 1047 vitam,
350 1009 484 1049 quam
524 993 766 1047 instituit»,
806 995 929 1049 quod
967 993 1102 1037 audio
1140 993 1366 1045 euenisse,
1408 1008 1512 1035 nam
1544 992 1799 1035 liberiorem

154 1073 291 1128 longe
314 1071 438 1114 illum
463 1071 696 1114 eremitam
720 1071 854 1114 audio
878 1071 1015 1114 vitam
1041 1086 1192 1127 agere.

243 1164 316 1206 90.
384 1148 520 1192 Venit
543 1156 587 1191 et
604 1150 763 1191 Frater
781 1150 965 1191 Taxeda
985 1151 1013 1201 ¹,
1036 1151 1286 1191 monachus
1309 1163 1365 1191 ex
1382 1147 1539 1191 ordine
1557 1147 1799 1199 minorum,

156 1228 362 1280 Romam,
387 1234 436 1268 vt
459 1227 581 1281 quod
604 1241 695 1268 non
719 1233 894 1281 poterat
916 1241 941 1269 e
963 1226 1058 1269 suis
1081 1226 1304 1278 obtinere,
1336 1225 1382 1268 id
1411 1240 1547 1281 opera
1578 1231 1623 1267 et
1655 1224 1803 1280 gratia

153 1303 285 1346 ducis
307 1303 531 1357 Gandiae,
558 1303 635 1358 qui
664 1318 787 1346 nunc
817 1310 886 1347 est
915 1303 1142 1359 generalis
1170 1302 1454 1359 praepositus
1483 1303 1516 1355 ⁶²,
1547 1316 1803 1356 conseque—

155 1388 301 1435 retur3
327 1383 623 1424 vehementer
645 1381 764 1424 enim
787 1382 1029 1432 affectabat
1051 1380 1309 1437 promoueri
1332 1381 1389 1423 ad
1411 1379 1735 1423 sacerdotium.

243 1472 314 1517 91.
383 1460 489 1501 Erat
512 1458 585 1501 hic
608 1457 950 1514 acceptissimus
974 1458 1099 1501 Patri
1122 1460 1158 1501 F
1162 1458 1382 1510 rancisco,
1417 1463 1599 1513 propter
1627 1455 1805 1512 opinio—

154 1551 258 1579 nem
292 1535 571 1592 singularem
600 1535 874 1588 deuotionis,
907 1543 952 1578 et
979 1551 1112 1578 vsum
1141 1535 1357 1578 eximium
1386 1532 1800 1590 contemplationis:

154 1614 335 1656 valebat
357 1613 464 1656 item
487 1613 757 1656 auctoritate
780 1614 901 1669 apud
927 1616 978 1656 P.
1006 1614 1239 1656 Andream
1268 1613 1325 1655 ab
1356 1612 1536 1656 Ouiedo
1571 1612 1584 1631 ⁵
1619 1617 1665 1654 et
1693 1610 1804 1653 alios

154 1698 348 1743 nostros,
363 1691 454 1745 ,qui
477 1698 605 1733 erant
626 1690 849 1743 Gandiae,
875 1692 996 1747 apud
1019 1706 1134 1746 quos
1156 1705 1210 1734 eo
1234 1705 1305 1734 res
1333 1696 1558 1741 euaserat,
1590 1695 1640 1730 vt
1667 1687 1804 1730 huius

155 1768 365 1811 monachi
387 1769 460 1811 vel
483 1768 686 1821 consilio,
712 1769 785 1811 vel
807 1768 1073 1821 imitatione,
1101 1769 1266 1811 multas
1289 1770 1423 1810 horas
1446 1768 1608 1810 darent
1636 1765 1805 1808 oratio-

157 1846 220 1899 ni,
253 1846 310 1888 ad
333 1861 484 1900 quam,
517 1860 607 1900 quo
636 1853 788 1889 essent
817 1846 1134 1901 expeditiores,
1169 1853 1345 1888 tantum
1378 1844 1456 1887 vili
1486 1845 1720 1901 pulmento
1749 1857 1805 1885 ex

157 1938 290 1979 pane,
317 1923 439 1978 quod
461 1922 619 1965 dicunt
642 1925 894 1979 gaspachos
918 1923 932 1943 ⁴
957 1923 1306 1982 [vescebantur].
1334 1924 1472 1965 Hunc
1490 1921 1584 1964 suis
1602 1920 1741 1963 literis
1759 1927 1804 1962 et

156 2000 255 2043 eius
278 2015 460 2043 causam
483 2000 545 2042 ita
567 2001 967 2043 commendauerat
988 2000 1231 2056 diligenter
1259 2015 1311 2043 ac
1339 2000 1542 2043 studiose
1572 2001 1623 2041 Ρ.
1657 1999 1692 2041 F
1696 2012 1802 2040 ran-

157 2077 322 2129 ciscus,
348 2079 435 2120 hoc
457 2078 550 2119 dux
572 2078 780 2121 Gandiae
805 2079 835 2130 ⁵,
863 2080 914 2121 P.
938 2078 1131 2134 Ignatio,
1158 2085 1207 2119 vt
1229 2077 1341 2119 nihil
1364 2076 1467 2120 addi
1490 2077 1547 2119 ad
1569 2089 1803 2118 commen—

155 2155 384 2198 dationem
407 2162 574 2210 posset.

246 2245 318 2290 92.
385 2233 475 2275 Hic
497 2235 746 2275 monachus
770 2233 879 2275 mihi
907 2248 960 2276 eo
989 2233 1170 2276 nomine
1197 2232 1442 2289 displicuit,
1475 2232 1597 2286 quod
1625 2236 1802 2287 praeter

153 2325 340 2353 suorum
364 2311 693 2365 praefectorum
717 2312 1014 2362 voluntatem,
1037 2325 1116 2366 per
1133 2317 1421 2353 externorum
1440 2308 1675 2351 hominum
1692 2322 1797 2363 gra-

157 2387 264 2430 tiam
288 2395 333 2430 et
362 2389 376 2410 ⁶

231 2545 242 2565 ¹
293 2543 377 2588 Sic;
398 2543 543 2578 rectius
562 2548 693 2578 tamen
712 2543 895 2578 scribitur
922 2545 1090 2585 Texeda,
1110 2545 1299 2590 (Joannes
1315 2543 1393 2588 de).

228 2606 242 2625 ²
293 2605 351 2638 Ex
369 2604 429 2638 his
449 2603 611 2646 eruitur,
630 2615 707 2650 quo
725 2609 900 2650 tempore
919 2605 992 2639 hoc
1014 2603 1239 2639 Clzronicon
1255 2603 1455 2650 scripserit
1474 2602 1613 2645 Nadal,
1633 2613 1704 2645 sc.,
1724 2612 1802 2635 non

153 2668 246 2698 ante
264 2675 408 2698 annum
430 2663 533 2707 1565,
553 2675 629 2710 quo
655 2664 804 2698 electus
828 2663 902 2699 fuit
921 2664 962 2698 S.
985 2663 1216 2698 Franciscus
1240 2663 1289 2698 de
1314 2663 1428 2709 Borja
1455 2662 1665 2697 Societatis
1692 2672 1803 2707 prae—

153 2723 304 2770 positus
321 2724 531 2769 generalis.

226 2784 239 2803 ⁵
290 2784 333 2818 P.
356 2783 533 2818 Andreas
552 2783 601 2817 de
620 2782 788 2819 Oviedo.

226 2844 240 2863 a
291 2843 501 2888 Perperam
531 2841 733 2888 scriptum,
766 2854 834 2889 pro
861 2844 1079 2889 ιξαπραιεὴο,
1108 2843 1212 2889 quod
1239 2847 1300 2877 est
1330 2842 1430 2877 offae
1461 2840 1628 2886 frigidae
1657 2851 1800 2885 genus,

154 2914 268 2949 pane,
289 2903 389 2945 oleo,
409 2907 535 2946 aceto,
555 2902 719 2948 aliisque
737 2902 931 2947 adjunctis
950 2902 1164 2937 conditum.

227 2964 240 2983 5
290 2961 453 2997 Carolus
471 2962 520 2996 de
538 2961 666 3007 Borja,
687 2961 970 3008 primogenitus
989 2962 1061 2996 S.ti
1089 2962 1301 2996 Francisci.

226 3023 240 3043 ⁶
291 3021 362 3056 His
382 3021 513 3056 verbis
533 3021 693 3067 explicit
714 3021 939 3057 Chronicon
957 3022 1000 3057 P.
1028 3021 1166 3065 Nadal,
1194 3033 1294 3068 quae
1322 3020 1578 3066 inexpletum,
1607 3023 1650 3053 ut
1674 3022 1796 3065 patet,
