2038 3313
238 233 320 262 Lxx
739 224 992 261 PRooEmUM
1020 235 1133 261 PRIMI
1159 234 1385 261 VOLUMlNis

331 330 443 384 Pag.
478 341 573 382 17o.
604 329 745 371 «Alae
766 329 884 372 duae
907 327 1163 382 Societatis,
1190 335 1296 371 sunt
1319 335 1469 384 partes
1492 326 1748 380 Societatis‚
1771 341 1886 382 quae

240 406 286 448 in
309 405 435 449 India
457 413 502 449 et
525 406 770 450 Germania
793 407 838 449 in
862 406 1079 449 auxilium
1097 406 1348 450 animarum
1367 405 1637 450 incumbunt
1659 407 1668 426 ¹
1688 405 1735 448 in
1753 404 1887 449 Chri*

241 491 311 528 sto
327 486 454 541 Jesu,
480 498 532 527 ac
556 486 815 540 prouehunt
838 484 1078 528 Societatis
1101 499 1309 539 corpus.»

331 563 446 618 Pag.
480 563 691 616 182483.
722 561 947 617 «Quidam
982 561 1156 620 [Nadal]
1186 561 1230 603 in
1261 575 1314 604 eo
1343 568 1439 604 erat
1470 567 1607 612 totus,
1639 567 1688 602 vt
1717 561 1884 604 subue*

241 639 416 683 niretur
453 639 741 692 Germaniae,
773 646 819 683 et
851 639 1033 682 missam
1067 653 1120 682 eo
1152 638 1393 695 dirigebat:
1425 637 1567 682 sensit
1594 638 1641 680 in
1668 638 1889 694 principio

243 717 421 770 missae,
448 725 493 761 et
523 719 615 761 fere
644 733 724 774 per
754 725 893 760 totam
923 717 1120 769 missam,
1148 717 1270 773 quod
1299 719 1444 773 Xpus.
1479 716 1574 773 ipse
1605 716 1798 773 praeiret
1827 716 1889 760 illi

241 795 375 839 simul
397 796 443 839 in
466 795 684 849 oratione,
711 802 755 839 et
778 795 1042 852 praesertim
1060 795 1107 838 in
1125 794 1328 838 oratione
1345 794 1570 838 dominica
1587 801 1632 838 et
1649 794 1886 847 sacrificio,

245 873 374 930 quasi
403 873 630 917 infirmum
659 889 707 917 se
735 881 779 918 et
815 875 1097 930 despectum,
1130 880 1176 916 et
1205 872 1333 928 quasi
1371 872 1617 929 patientem
1646 873 1892 917 ostendens

248 951 386 996 Patri.
420 951 572 996 Sensit
600 952 707 995 item
737 952 919 1004 selecte,
952 951 1142 1007 gloriam
1171 951 1258 994 Dei
1286 966 1445 1007 puram
1473 951 1519 993 in
1548 950 1816 1004 Germania,
1849 958 1893 994 et

247 1044 363 1085 quae
385 1044 496 1086 pure
519 1036 587 1072 est
610 1029 923 1081 desideranda,
955 1028 1001 1071 in
1030 1028 1257 1072 suauitate
1290 1029 1484 1084 quadam
1513 1028 1729 1072 claritatis
1758 1028 1893 1071 lumi-

247 1107 332 1160 nis,
360 1122 475 1163 quae
497 1122 675 1150 omnem
694 1106 915 1150 haeresim
940 1113 1060 1150 esset
1083 1107 1326 1163 expulsura
1349 1106 1395 1149 in
1417 1109 1557 1164 Xpo.,
1590 1106 1664 1150 cui
1693 1113 1761 1150 est
1790 1105 1893 1150 infi-

247 1185 342 1229 nita
365 1200 416 1228 ac
438 1185 713 1241 sempiterna
735 1185 894 1241 gloria.
922 1187 1117 1228 Amen.»

338 1265 405 1307 Ex
427 1263 496 1307 his
519 1263 728 1306 sensibus
751 1263 1061 1320 spiritualibus
1084 1263 1245 1307 melius
1268 1263 1582 1320 intelligentur
1610 1278 1679 1317 ea,
1713 1278 1827 1319 quae
1849 1263 1895 1307 in

249 1341 450 1399 epistolis
479 1341 584 1385 anni
622 1353 669 1396 15
678 1352 748 1396 55,
780 1343 865 1385 hac
895 1343 950 1385 de
979 1356 1027 1384 re
1054 1341 1220 1398 passim
1249 1341 1560 1385 inveniuntur.
1589 1341 1665 1386 Sic
1694 1357 1738 1384 v,
1765 1356 1812 1398 g.
1842 1355 1896 1396 30

251 1419 400 1463 Martii
440 1433 455 1463 Ι
466 1430 547 1474 555
583 1419 884 1462 miserabilem
916 1418 1190 1463 Germaniae
1227 1426 1396 1462 statum
1425 1419 1603 1476 Ignatio
1632 1433 1897 1476 repraesen—

252 1505 367 1551 tans,
393 1499 505 1541 haec
528 1497 756 1540 labacensi
781 1497 978 1553 praesuli
1001 1512 1050 1540 se
1071 1497 1239 1541 dixisse
1256 1504 1593 1540 commemorat:
1620 1512 1737 1540 «non
1754 1497 1791 1540 si
1808 1499 1899 1554 puo

251 1575 414 1619 mirare
436 1576 559 1618 nulla
582 1583 708 1631 parte
731 1590 779 1618 se
802 1591 893 1618 non
916 1590 1002 1618 con
1025 1575 1208 1619 lacrime
1231 1576 1405 1632 grande
1427 1582 1472 1619 et
1494 1575 1808 1632 compassione
1830 1575 1899 1618 in-

253 1653 393 1696 finita.
409 1671 424 1693 >³
453 1655 510 1696 Et
531 1653 764 1696 mensibus
788 1653 959 1710 Aprilis
987 1660 1033 1697 et
1055 1653 1164 1711 Julii
1188 1654 1391 1709 ejusdem
1416 1653 1537 1706 anni,
1563 1653 1722 1696 intimo
1752 1653 1900 1697 cordis

253 1746 390 1774 sensu
414 1732 610 1785 dolebat,
642 1732 833 1774 «vedere
856 1747 946 1774 una
969 1730 1153 1774 natione
1176 1737 1303 1774 tanto
1326 1731 1499 1788 grande
1522 1738 1566 1774 et
1594 1730 1745 1774 nobile
1774 1745 1902 1775 come

255 1815 431 1864 questa,
458 1808 643 1852 lasciata
673 1810 718 1851 d’
750 1809 956 1866 ogniuno
987 1816 1032 1852 et
1061 1809 1168 1851 data
1197 1810 1248 1852 in
1276 1810 1580 1866 depastionem
1604 1809 1619 1829 ²
1643 1809 1717 1851 del
1744 1810 1901 1852 demo-

255 1886 375 1929 nio.»
403 1888 460 1930 Et
482 1888 614 1943 paulo
638 1894 743 1930 ante
767 1887 942 1931 felicem
974 1887 1148 1930 obitum
1178 1886 1323 1930 sancti
1352 1886 1532 1943 Ignatii,
1560 1886 1605 1929 in
1634 1886 1824 1943 epistola
1846 1888 1902 1930 ad

257 1963 404 2020 ipsum
427 1979 583 2008 mense
605 1965 728 2023 Julio
758 1976 805 2020 15
813 1966 868 2020 56
896 1966 1022 2018 data,
1056 1965 1121 2008 sic
1151 1965 1271 2021 apud
1298 1964 1641 2007 dilectissimum
1670 1972 1901 2020 parentem

258 2041 415 2085 intima
437 2042 585 2085 cordis
608 2058 740 2087 sensa
763 2043 1013 2099 promebat:
1045 2045 1142 2087 «No
1165 2058 1214 2086 se
1237 2057 1310 2086 me
1332 2042 1486 2099 iguala
1509 2041 1791 2085 consolation
1815 2047 1841 2085 a
1863 2043 1906 2085 la

260 2134 347 2175 que
368 2120 480 2163 Dios
504 2135 574 2163 me
596 2121 654 2164 da
676 2122 857 2177 quando
882 2136 965 2164 veo
989 2136 1166 2176 crescer
1188 2122 1230 2164 la
1254 2122 1537 2177 Compagnia
1559 2135 1612 2163 en
1633 2121 1871 2163 Alamana.
1885 2138 1901 2159 „

349 2197 425 2241 Nil
452 2197 592 2254 igitur
625 2198 789 2241 mirum
820 2200 941 2254 quod
971 2201 1021 2242 Β.
1063 2198 1276 2242 Canisius
1312 2200 1494 2241 Patrem
1530 2198 1677 2241 Nadal
1713 2198 1907 2254 appellet

265 2282 446 2318 «nostro
468 2283 715 2331 protettore
738 2284 783 2320 et
811 2277 949 2333 padre
981 2276 1304 2333 specialissimo
1328 2277 1390 2330 ³»,
1417 2282 1461 2319 et
1485 2275 1618 2319 toties
1646 2275 1765 2318 illius
1797 2290 1906 2332 ope-

262 2368 356 2396 ram
380 2368 405 2396 a
429 2355 521 2396 PP.
549 2354 840 2409 generalibus
862 2370 942 2410 pro
966 2369 1048 2398 sua
1076 2354 1321 2398 Germania
1343 2353 1667 2397 instantissime
1688 2352 1903 2410 postulet.

264 2432 395 2486 Quae
417 2438 539 2474 certe
561 2431 727 2484 omnia,
755 2431 931 2487 aliaque
954 2447 1046 2475 non
1067 2432 1217 2474 minus
1229 2430 1436 2487 jucunda
1454 2430 1696 2487 provinciis
1713 2432 1905 2474 Germa-

262 2507 379 2560 niae,
413 2509 672 2564 frequenter
701 2517 947 2552 occurrunt
975 2509 1146 2565 legenti
1177 2509 1388 2565 epistolas
1419 2511 1470 2552 P.
1504 2509 1672 2561 Nadal,
1705 2509 1784 2551 sed
1817 2509 1906 2551 fre—

265 2585 478 2641 quentius
501 2586 782 2642 reperientur
805 2586 851 2628 in
874 2586 1081 2642 sequenti
1104 2586 1350 2640 volumine,
1378 2585 1454 2628 ubi
1483 2585 1661 2643 plenius
1688 2586 1745 2628 de
1773 2586 1908 2628 rebus

264 2663 537 2708 Germaniae
558 2663 605 2708 in
628 2664 827 2708 secunda
854 2664 1000 2708 Patris
1023 2664 1168 2707 Nadal
1191 2663 1448 2706 visitatione
1467 2662 1829 2720 pertractabitur.

343 2891 348 2909 ¹
404 2888 492 2934 Ms.‚
514 2888 555 2923 ιἰι
576 2888 823 2929 incmnbzmt,
844 2899 973 2922 errore
994 2885 1153 2922 librarii.

340 2947 354 2971 2
405 2948 494 2994 Ms.,
513 2948 806 2995 depaptionem.

340 3009 353 3027 ⁵
405 3007 504 3042 Vide
523 3009 879 3052 BRAUNSBERGER,
902 3007 1059 3042 Canisz'i
1078 3007 1207 3053 epist.,
1230 3006 1280 3048 II,
1302 3015 1383 3050 200,
1410 3004 1448 3039 in
1468 3004 1544 3039 fine
1564 3003 1753 3050 epistolae
1774 3004 1815 3038 Β.
1838 3004 1908 3039 Ca-

271 3066 360 3102 nisii
379 3066 427 3101 ad
446 3067 474 3101 P
510 3066 647 3109 Nadal,
668 3065 688 3100 3
708 3067 822 3101 Febr.
847 3066 948 3110 1558.
