2038 3313
859 172 1060 219 1535-1538
1764 184 1776 210 1

945 385 970 421 l

617 490 997 534 CHRONICON
1030 489 1304 532 NATALIS

401 613 487 642 IAM
523 612 638 642 INDE
672 612 701 640 A
735 610 983 640 PRINCIPIO
1018 609 1309 639 VOCATIONIS
1345 609 1467 638 SUAE

821 738 1088 774 LUTECIAE

902 834 1016 868 1535

233 959 269 989 Ι.
337 944 553 988 Luteciae
575 943 683 986 noui
708 941 985 986 familiariter
1009 943 1061 984 P.
1089 940 1334 997 Ignatium.
1362 940 1575 984 Videram
1600 941 1782 997 quidem

137 1031 272 1066 antea
295 1021 544 1077 Compluti,
565 1022 645 1064 sed
667 1035 759 1062 non
778 1034 1073 1076 agnoueram,
1099 1017 1176 1060 vbi
1193 1017 1302 1061 noui
1325 1018 1461 1061 etiam
1481 1020 1533 1061 P.
1562 1020 1779 1074 Laynem,

140 1102 449 1146 Salmeronem
473 1106 518 1141 et
542 1097 838 1141 Bobadillam.

212 1259 222 1277 ¹
274 1257 332 1290 Ex
367 1255 627 1301 autographo,
663 1254 703 1288 in
739 1265 831 1287 mss.
875 1253 914 1287 S.
959 1252 1199 1297 J.—Parvus
1233 1251 1358 1286 codex
1393 1252 1622 1287 chartaceus
1657 1253 1695 1287 in
1730 1253 1783 1288 8.⁰

136 1318 201 1362 (15
221 1324 263 1354 ><
282 1325 324 1350 11
342 1316 478 1360 cent.)‚
498 1313 666 1361 simplici
683 1324 922 1359 pergameno
939 1317 1162 1358 coopertuS,
1182 1311 1228 1356 56
1245 1310 1348 1346 foliis
1363 1313 1604 1356 coalescens,
1620 1325 1783 1360 quorum

139 1377 265 1423 priora
283 1387 406 1422 usque
425 1375 473 1410 ad
490 1382 610 1419 42.11m
637 1374 764 1408 Patris
790 1373 913 1407 Nadal
937 1371 1165 1406 chronicon
1189 1371 1407 1415 continent,
1435 1371 1474 1406 in
1500 1371 1662 1418 reliquis
1689 1385 1785 1408 vero

138 1436 231 1472 nihil
252 1435 442 1482 scriptum
459 1434 666 1481 reperitur.
687 1432 809 1476 Folia,
837 1433 869 1467 si
894 1432 971 1467 duo
996 1431 1123 1477 priora
1148 1430 1415 1477 excipiantur,
1441 1444 1541 1478 quae
1565 1433 1738 1467 numeris
1766 1442 1779 1467 Ι

137 1503 177 1532 et
195 1495 216 1531 3
234 1496 342 1540 (olim
361 1499 396 1539 2)
415 1495 600 1530 distincta
618 1499 723 1537 sunt,
743 1494 893 1528 nullum
918 1503 1137 1535 numerum,
1157 1491 1228 1525 sed
1253 1496 1404 1526 tantum
1423 1491 1550 1527 crucis
1569 1491 1725 1537 signum
1744 1493 1783 1528 in

138 1568 288 1592 summa
307 1567 373 1591 ora
392 1555 595 1601 utriusque
614 1555 791 1600 pagellae
811 1553 999 1599 scriptum
1018 1552 1178 1586 habent.

209 1616 329 1650 Porro
346 1616 443 1650 haec
462 1614 506 1659 56
525 1613 616 1649 folia
634 1613 673 1648 in
692 1619 771 1648 tres
790 1611 1012 1655 fasciculos,
1032 1610 1206 1646 numeris
1224 1610 1272 1644 ad
1290 1611 1437 1645 calcem
1452 1610 1599 1657 primae
1618 1612 1783 1657 paginae

139 1675 360 1719 distinctos,
380 1674 584 1721 dispertita
604 1679 643 1708 et
663 1673 776 1708 simul
797 1677 929 1707 assuta
954 1676 1045 1706 sunt
1068 1671 1108 1705 in
1133 1670 1297 1705 formam
1323 1670 1460 1706 libelli.
1487 1670 1693 1706 Secundus
1720 1684 1769 1707 au

139 1741 220 1771 tem
239 1735 450 1770 fasciculus
468 1733 524 1769 sic
543 1734 644 1768 intra
662 1732 821 1768 tertium
839 1736 1065 1778 compactus
1084 1736 1159 1774 est,
1179 1735 1222 1764 ut
1245 1731 1360 1765 ambo
1379 1730 1538 1765 unicum
1555 1730 1784 1767 fasciculum

140 1796 309 1830 conflare
334 1794 553 1830 videantur.

213 1855 376 1901 Singula
405 1855 501 1889 item
531 1853 623 1889 folia
653 1852 854 1900 plicaturis
884 1851 1117 1898 quibusdam
1143 1851 1182 1885 in
1212 1856 1379 1897 quatuor
1402 1856 1532 1896 partes
1556 1853 1741 1897 aequales
1767 1864 1787 1886 a

140 1927 291 1951 summo
309 1915 492 1949 deorsum
511 1914 564 1949 ita
584 1914 822 1955 tribuuntur,
844 1917 885 1946 ut
899 1912 1051 1946 duabus
1070 1911 1258 1945 extremis
1273 1910 1477 1957 scriptioni
1491 1912 1786 1946 annotationum

140 1974 365 2018 reservatis,
384 1974 424 2009 in
444 1973 572 2009 medio
597 1978 748 2008 tantum
773 1971 899 2018 spatio
928 1970 1155 2006 chronicon
1181 1976 1384 2005 exaratum
1403 1970 1474 2014 sit3
1500 1971 1604 2017 quod
1630 1971 1787 2017 quidem

141 2040 280 2076 totum,
301 2046 379 2069 non
397 2034 574 2080 exceptis
600 2033 738 2073 titulis,
759 2032 1044 2077 autographum
1070 2035 1131 2065 est
1154 2030 1282 2065 Patris
1307 2029 1446 2073 Nadal,
1473 2035 1512 2065 et
1537 2030 1789 2076 quantumvis

140 2094 258 2130 variis
277 2094 618 2129 emendationibus
638 2098 677 2128 et
695 2091 961 2127 additionibus
981 2092 1029 2125 ab
1049 2090 1133 2136 ipso
1152 2090 1389 2135 castigatum
1408 2090 1541 2133 fuerit,
1562 2102 1639 2125 non
1659 2096 1788 2126 tamen

142 2167 333 2190 summam
352 2154 389 2189 ei
407 2166 563 2188 manum
583 2159 718 2188 auctor
736 2151 936 2199 imposuit,
957 2150 1027 2185 sed
1046 2149 1320 2196 imperfectum
1339 2150 1512 2196 reliquit.

211 2215 312 2249 Turn
331 2214 370 2249 in
388 2214 481 2249 folio
500 2213 743 2261 pergameni,
764 2224 840 2259 quo
859 2211 985 2246 codex
1005 2210 1193 2256 operitur,
1213 2216 1296 2245 tum
1315 2210 1354 2244 in
1374 2210 1497 2257 prima
1519 2209 1710 2245 Clzronici
1727 2222 1791 2256 pa-

139 2274 246 2320 gina,
266 2275 363 2309 haec
382 2273 598 2320 inscriptio,
619 2272 694 2308 alia
712 2285 733 2307 a
752 2271 880 2306 Patris
900 2270 1023 2305 Nadal
1045 2282 1175 2313 manu,
1192 2269 1327 2304 nitidis
1347 2275 1387 2304 et
1401 2269 1572 2316 antiquis
1594 2271 1791 2304 characte-

143 2333 251 2369 ribus
271 2339 429 2368 exarata
447 2338 520 2368 est:
552 2333 710 2367 Vocatio
731 2333 778 2366 P.
800 2331 976 2365 Natalis.
998 2330 1043 2364 In
1069 2341 1134 2363 ora
1159 2329 1373 2375 superiori,
1394 2341 1510 2363 manu
1536 2329 1655 2363 etiam
1679 2330 1793 2365 nobis
1811 2373 1820 2381 ⁴

144 2393 297 2439 ignota:
327 2395 374 2428 Ρ.
395 2394 556 2428 Natale.
577 2393 621 2427 In
639 2392 803 2426 dextero
824 2389 998 2436 margine
1025 2388 1148 2436 ipsius
1174 2389 1362 2435 paginae,
1388 2389 1505 2432 duas,
1532 2389 1666 2424 nescio
1691 2390 1793 2436 quis.

142 2453 291 2488 addidit
309 2453 596 2494 annotationes,
616 2463 715 2498 quae
735 2451 791 2485 sic
810 2462 851 2485 se
876 2451 1037 2484 habent.
1064 2448 1206 2482 Prima:
1235 2449 1340 2483 Sunt
1364 2449 1575 2494 qztinterni
1603 2459 1635 2494 3.
1663 2450 1794 2484 Perti>

141 2516 236 2548 nent
254 2515 308 2548 ad
331 2513 578 2548 vocationem
601 2513 647 2546 P.
669 2511 845 2545 Natalis.
867 2510 981 2544 Nihil
1000 2509 1118 2543 alind
1136 2511 1191 2543 est
1210 2509 1254 2543 in
1273 2509 1372 2543 illis.
1390 2508 1585 2551 Secunda,
1606 2510 1722 2555 paulo
1740 2510 1794 2544 in-

140 2572 274 2607 ferius:
296 2573 465 2619 Ipsemet
486 2573 532 2606 P.
561 2572 724 2607 Natalis
740 2570 915 2616 scripsit,
935 2570 1033 2603 dum
1054 2569 1102 2602 P.
1122 2568 1365 2603 Franciscus
1383 2568 1543 2614 Borgia
1567 2571 1663 2603 esset
1677 2580 1795 2614 gene-

141 2633 261 2675 ralis·
282 2636 324 2667 ut
336 2635 450 2679 patet
468 2645 514 2667 ex
533 2631 650 2666 tertio
669 2631 898 2676 quinum-no:
914 2632 1016 2675 pag.
1033 2628 1280 2674 penultima.
1301 2628 1405 2674 Ipse,
1425 2628 1491 2674 qui
1509 2629 1578 2662 has
1593 2627 1690 2662 duas
1705 2628 1796 2663 scri-

141 2691 219 2738 psit
237 2692 526 2734 annotationes,
546 2690 809 2725 transcribere
829 2688 991 2723 nitidius
1011 2699 1224 2732 aggressus
1244 2692 1325 2730 est,
1346 2698 1447 2733 quae
1466 2687 1612 2730 Nadal,
1633 2698 1701 2733 pro
1726 2698 1796 2721 suo

143 2762 263 2794 more,
284 2750 426 2786 litteris
446 2750 560 2785 valde
579 2749 754 2785 confusis
774 2752 1019 2791 exaraverat3
1041 2752 1116 2790 ast,
1136 2747 1311 2781 numeris
1333 2747 1384 2780 1.⁰
1404 2751 1443 2780 et
1461 2745 1516 2780 3.⁰
1535 2746 1740 2780 dumtaxat
1758 2746 1796 2780 in

144 2810 319 2856 margine
338 2809 606 2856 transumptis,
627 2807 792 2844 ulterius
811 2820 889 2842 non
914 2812 975 2842 est
993 2818 1241 2853 progressus.
1262 2806 1344 2840 Nos
1369 2810 1517 2849 autem,
1537 2817 1615 2840 non
1639 2805 1724 2840 sine
1744 2806 1795 2840 la-

145 2871 254 2913 bore,
273 2882 349 2916 qua
366 2869 563 2916 potuimus
582 2869 787 2914 diligentia
806 2874 845 2902 et
864 2867 1009 2910 studio,
1036 2872 1160 2901 totum
1189 2865 1417 2900 Clzronicon
1441 2865 1704 2900 transcribere
1730 2877 1795 2899 cu-

149 2929 341 2973 ravimus3
368 2941 445 2964 non
470 2934 601 2964 tamen
632 2928 821 2962 audemus
847 2928 1038 2961 affirmare
1065 2925 1195 2960 omnia
1218 2930 1327 2960 recte
1353 2924 1632 2971 interpretatos
1655 2923 1794 2959 fuisse.

152 2988 428 3033 Nihilominus,
446 3000 729 3035 quaecumque,
750 2993 838 3033 post
856 2987 1082 3021 diuturnum
1101 2986 1276 3020 laborem
1304 2990 1344 3019 et
1362 2984 1576 3031 peritorum
1601 2985 1795 3019 consulta>

332 3060 443 3089 Emsr.
465 3060 502 3088 P.
525 3059 660 3092 NADAL,
683 3067 757 3087 rom.
776 3059 803 3088 Ι.
1565 3056 1577 3083 1
