2038 3313
802 222 1023 257 APPENDIX
1660 229 1730 266 757

80 319 193 364 adeo
215 318 406 362 invaluit
430 319 621 363 tentatio
645 321 698 363 Ρ.
727 318 980 371 Benedicti,
1006 326 1057 361 ut
1080 320 1133 361 P.
1162 317 1328 370 Natali,
1364 332 1482 373 equo
1507 317 1596 360 iam
1619 316 1730 360 insi-

81 378 222 431 denti,
248 378 418 422 diceret
440 393 490 421 se
512 379 638 422 nullo
661 379 795 421 modo
823 393 957 435 posse
989 392 1043 421 ea
1076 377 1428 434 quadragesima
1457 376 1728 420 contionari.

82 438 172 482 Hic
193 440 385 483 haerens
409 441 461 482 P.
488 438 680 492 Natalis,
708 438 890 483 tandem
914 437 977 481 ait
998 437 1061 480 illi
1085 439 1199 493 (Deo
1222 437 1286 480 sic
1310 437 1598 493 disponente,
1625 436 1731 493 quia

85 501 221 543 Pater
244 505 398 542 noster
427 496 629 541 nondum
658 497 744 541 illis
773 497 987 554 cognitus
1016 504 1128 550 erat,
1161 498 1283 552 quod
1313 497 1524 541 videlicet
1554 504 1730 540 tantum

84 561 210 602 Deus
233 573 313 614 per
334 573 438 601 eum
461 557 582 601 circa
609 560 727 601 hanc
756 557 952 600 animam
983 557 1159 613 operari
1192 557 1365 614 vellet):
1406 555 1604 612 «Accipe
1640 559 1731 599 Pa-

86 626 199 661 trem
222 624 429 661 nostrum
452 619 509 661 N.
544 625 759 673 tanquam
788 632 1026 673 personam
1057 632 1221 670 meam,
1258 625 1303 661 et
1335 616 1408 659 dic
1441 616 1505 658 illi
1538 630 1611 658 me
1643 618 1730 658 hoc

84 677 285 730 iussisse,
312 677 579 733 aperiasque
602 677 665 720 illi
687 677 849 721 seriem
873 677 1012 720 totius
1032 676 1340 729 tentationis»,
1361 691 1497 731 quam
1516 675 1579 718 illi
1597 682 1731 718 antea

83 752 317 793 nunquam
341 744 600 793 aperuerat:
627 738 748 793 quod
771 751 875 779 cum
900 739 952 780 P.
981 736 1258 781 Benedictus
1282 735 1480 787 fecisset,
1506 735 1639 778 iussit
1667 734 1731 776 illi

85 800 221 841 Pater
243 804 396 841 noster
419 798 537 841 bene
559 812 739 853 sperare
761 796 808 839 in
831 796 1042 848 Domino,
1069 795 1288 853 pollicens
1311 795 1437 838 illum
1467 795 1586 838 intra
1614 794 1730 837 octi-

82 859 224 900 duum
248 856 408 900 melius
430 856 710 909 habiturum,
741 864 787 899 et
815 856 861 899 in
891 856 1041 900 medio
1073 854 1450 912 quadragesimae
1481 869 1589 898 vere
1620 869 1732 897 can—

82 924 282 960 taturum
306 917 475 959 laetare
504 917 813 968 Hierusalem,
842 920 882 958 et
911 917 1103 958 laetatus
1136 931 1238 958 sum
1274 917 1322 958 in
1356 915 1429 957 his
1462 929 1577 970 quae
1610 915 1732 956 dicta

81 980 189 1020 sunt
210 976 339 1029 mihi,
363 991 479 1033 quae
504 984 654 1019 tamen
680 976 804 1019 Patri
829 975 1078 1019 Benedicto
1101 976 1373 1019 videbantur
1398 975 1491 1018 fere
1520 973 1731 1030 impossi-

83 1036 206 1080 bilia.

173 1095 418 1140 Dominica
439 1110 550 1152 ergo
573 1096 718 1152 prima
740 1096 1037 1139 concionatus
1067 1101 1136 1140 est
1165 1096 1222 1137 de
1254 1093 1521 1145 tentatione,
1557 1100 1603 1136 et
1635 1107 1732 1136 me-

82 1156 169 1199 lius
192 1171 328 1211 quam
351 1156 476 1211 prius
498 1170 699 1212 unquam
730 1157 914 1208 fecerat,
947 1155 1171 1212 siquidem
1199 1154 1245 1197 id
1278 1153 1473 1197 faciebat
1506 1168 1562 1197 ex
1592 1167 1730 1208 expe-

82 1215 260 1268 rientia,
286 1222 332 1259 et
354 1215 416 1259 ita
438 1215 655 1272 deinceps
677 1230 854 1272 semper
879 1215 1128 1259 ferventius
1150 1213 1456 1271 praedicabat,
1489 1227 1625 1268 quam
1655 1227 1731 1256 so—

82 1276 190 1319 litus
212 1283 325 1327 erat,
352 1289 545 1331 seseque
566 1275 613 1318 in
635 1275 861 1318 dominica
889 1278 1085 1318 Laetare
1107 1273 1519 1318 consolatissimum
1544 1272 1727 1328 reperit,

82 1335 149 1378 uti
171 1335 235 1378 illi
260 1337 396 1378 Pater
418 1334 726 1391 praedixerat;
759 1335 1043 1379 auditoribus
1071 1349 1182 1379 vero
1214 1348 1448 1388 nunquam
1477 1332 1604 1375 visus
1633 1339 1731 1375 erat

82 1403 173 1439 tam
197 1395 427 1439 ferventer
448 1395 709 1451 praedicare
732 1402 783 1438 ut
805 1411 861 1438 ex
890 1410 945 1439 eo
974 1402 1193 1451 tempore,
1225 1393 1400 1437 scilicet
1429 1392 1587 1435 ultima
1616 1406 1731 1447 qua-

79 1454 350 1512 dragesima.
379 1456 518 1498 Immo
542 1455 834 1511 proficiscens
857 1470 936 1511 per
961 1457 1270 1499 Panhormum
1295 1455 1504 1505 Romam,
1531 1451 1609 1504 ibi,
1639 1454 1728 1495 Pa-

80 1515 242 1567 normi,
267 1515 314 1557 in
338 1529 428 1557 una
450 1530 533 1558 sua
556 1515 778 1558 concione
800 1515 1037 1558 dicebatur
1059 1517 1186 1558 Deus
1210 1529 1289 1570 per
1311 1528 1416 1556 eum
1447 1524 1495 1555 12
1520 1511 1729 1555 meretri--

78 1589 154 1618 ces
177 1574 473 1629 convertisse,
500 1589 617 1630 quae
640 1575 701 1617 ibi
723 1575 997 1632 principium
1022 1575 1229 1619 fecerunt
1258 1574 1421 1616 domus
1451 1570 1731 1629 probationis

81 1649 426 1678 conversarum.

889 1745 928 1787 V

377 1816 469 1858 D.A
506 1816 785 1859 ELISABETH
818 1830 880 1859 DE
919 1817 1058 1859 VEGA
1098 1829 1157 1858 ET
1198 1829 1260 1857 DE
1300 1815 1437 1857 LUNA

549 1887 742 1931 SANCTO
761 1888 964 1931 IGNATIO
988 1901 1051 1931 DE
1075 1888 1275 1930 LOYOLA

522 1965 752 2019 Panormi,
805 1978 850 2008 11
900 1964 1051 2008 Martii
1101 1974 1211 2019 1553
1261 1964 1288 2005 ¹.

449 2042 595 2077 Dolet
629 2043 681 2077 de
718 2044 890 2078 Patris
926 2042 1088 2077 Nadal
1122 2042 1357 2078 discessu.

894 2102 923 2161 ,Γ

167 2176 278 2229 Muy
302 2174 416 2217 Rdo.
446 2175 611 2218 Sefior:
639 2176 692 2219 El
715 2176 862 2219 Padre
880 2182 1048 2218 mastre
1065 2174 1211 2219 Nadal
1230 2188 1313 2215 nos
1331 2173 1447 2216 dexa
1467 2179 1594 2215 tanta
1610 2172 1730 2214 sole-

78 2235 184 2286 dad,
210 2249 238 2289 y
262 2238 288 2276 a
308 2249 384 2290 my
406 2235 838 2290 partycularmente,
864 2250 952 2291 que
975 2250 1028 2290 sy
1050 2249 1110 2277 no
1127 2249 1200 2277 me
1218 2233 1433 2276 acordase
1452 2246 1541 2287 que
1559 2246 1608 2275 es
1625 2245 1730 2274 cosa

81 2309 170 2350 que
199 2295 256 2337 V.
290 2308 348 2336 m.
382 2294 426 2336 lo
455 2294 635 2347 manda,
671 2299 696 2338 a
735 2310 886 2351 quyen
917 2296 1050 2338 todos
1077 2308 1202 2337 emos
1232 2294 1289 2336 de
1319 2292 1559 2345 obedezer,
1592 2305 1651 2333 no
1680 2294 1729 2333 se

79 2357 210 2396 como
233 2368 281 2396 se
305 2353 477 2409 podrya
498 2354 664 2410 sufryr.
692 2356 736 2398 A
754 2356 818 2399 Su
838 2357 1133 2410 Reverencya
1155 2369 1180 2397 e
1203 2353 1383 2404 ablado,
1408 2367 1438 2407 y
1461 2353 1729 2407 rymytyen-

82 2414 217 2457 dorne
238 2417 264 2455 a
288 2413 330 2456 el
353 2428 413 2456 no
437 2414 548 2469 dyre
570 2417 683 2467 mas,
709 2415 765 2457 de
788 2429 876 2470 que
905 2415 1095 2471 suplyco
1124 2417 1150 2456 a
1176 2414 1232 2456 V.
1263 2428 1323 2455 m.
1356 2426 1405 2455 se
1433 2410 1628 2454 acuerde
1657 2410 1730 2452 del

82 2473 228 2516 conde
249 2487 279 2528 y
301 2472 358 2515 de
380 2487 456 2528 my
478 2487 536 2516 en
559 2488 637 2516 sus
660 2488 924 2530 oracyones.

170 2533 237 2576 Su
259 2532 492 2576 servidora
512 2533 622 2576 besa
643 2534 709 2577 las
731 2549 890 2577 manos
913 2538 938 2577 a
961 2535 1018 2577 V.
1041 2548 1122 2587 m.,
1141 2547 1260 2588 cuya
1277 2545 1386 2587 muy
1404 2529 1513 2573 Rda
1536 2542 1729 2585 persona

83 2592 258 2647 guarde
281 2599 470 2634 nuestro
493 2593 654 2636 Senor.

170 2652 240 2694 De
266 2651 491 2703 Palermo,
518 2656 544 2694 a
566 2652 611 2694 xi
633 2653 691 2696 de
714 2655 884 2708 Marco.

170 2711 213 2753 A
237 2725 463 2767 servycyo
486 2712 543 2755 de
561 2713 618 2755 V.
645 2727 725 2763 m.,

499 2772 641 2815 DoNA
673 2773 845 2816 ISABEL
878 2786 941 2815 DE
974 2772 1114 2814 VEGA
1148 2784 1177 2813 Y
1210 2784 1272 2813 DE
1305 2770 1460 2812 LUNA.

170 2830 416 2883 Inscriptio
437 2832 730 2887 autographa
752 2832 803 2874 in
827 2834 993 2887 quarta
1016 2830 1213 2886 pagina:
1243 2828 1271 2886 †
1302 2829 1362 2871 Al
1386 2842 1495 2882 muy
1513 2826 1623 2870 R.d0
1646 2828 1730 2871 Se—

78 2896 177 2940 fior,
219 2888 262 2930 el
301 2889 398 2932 S.0r
428 2896 624 2933 maestro
663 2892 810 2934 Padre
847 2889 1080 2949 [Ignacio],
1118 2892 1362 2945 preposyto
1404 2887 1475 2943 [de
1507 2887 1550 2928 la
1586 2886 1732 2946 san]ta

80 2950 336 3004 Conpanya
359 2949 416 2992 de
435 2951 586 3006 Jesus.

153 3087 163 3107 ¹
216 3086 273 3121 Ex
292 3081 548 3130 autographo,
569 3082 608 3118 in
627 3082 757 3129 Epist.
778 3082 932 3125 Mixtis,
955 3082 1032 3118 vol.
1054 3082 1098 3124 E,
1119 3079 1269 3128 duplici
1290 3078 1375 3125 foL,
1394 3086 1415 3125 7
1430 3080 1483 3124 (7)
1500 3080 1615 3123 (177).
