2038 3313
223 189 271 222 40
764 177 1049 213 COMMENTAR.
1079 177 1122 211 P.
1151 177 1335 222 JIMENEZ

224 295 375 336 paese,
402 287 447 323 et
470 295 519 323 se
541 294 599 322 ne
622 293 772 323 uenne
794 279 841 321 in
863 278 1071 330 Francia,
1097 292 1123 321 e
1145 278 1391 321 trouasimo
1409 293 1436 320 a
1459 279 1626 320 Tolosa
1644 284 1740 320 otto
1757 278 1876 321 della

223 365 379 401 nostra
402 357 699 414 Compagnia,
732 359 819 400 che
847 371 984 399 erano
1022 355 1128 398 stati
1157 355 1370 397 scacciati
1392 355 1466 397 del
1488 354 1681 411 collegio
1703 355 1748 397 d’
1775 356 1874 411 Ap—

224 435 394 491 pamies
414 437 443 487 ¹,
465 435 575 478 citta
597 435 670 477 del
687 449 735 477 re
756 434 802 476 di
819 435 1041 485 Nauarra,
1069 433 1107 475 si
1124 447 1253 475 come
1275 432 1420 488 prima
1448 433 1609 474 furono
1629 432 1735 474 tutti
1764 432 1777 473 i
1800 447 1873 476 re—

222 512 373 569 ligiosi
391 513 435 554 d'
462 513 576 554 altre
600 511 824 567 religioni.
1099 561 1102 564 ψ

312 590 383 632 26.
452 591 487 632 E
509 590 675 646 perche
705 595 825 630 tutto
854 587 885 629 il
907 601 1052 642 regno
1075 601 1148 629 era
1180 586 1227 628 in
1265 601 1389 629 arme
1407 601 1486 642 per
1509 586 1705 642 cagione
1726 587 1784 629 de
1807 587 1869 642 gl'

220 667 423 719 heretici,
451 669 535 709 che
558 665 903 709 cominciauano
932 679 958 707 a
980 663 1189 706 ribellare
1218 670 1378 706 contro
1407 662 1438 705 11
1461 678 1525 715 10,
1552 678 1577 705 0
1605 671 1764 706 contro
1786 663 1874 706 Dio

219 758 245 786 e
267 745 310 786 la
331 759 414 787 sua
437 751 567 786 santa
592 744 693 786 fede
716 741 954 793 catholica,
981 740 1011 782 il
1031 742 1083 783 P.
1106 739 1270 783 Natale
1293 742 1393 784 fece
1415 743 1500 783 che
1522 741 1553 783 11
1576 741 1719 783 nostri
1742 743 1777 783 s’
1804 740 1875 782 in—

220 823 490 864 formassero
514 821 559 862 in
584 821 748 863 Tolosa
770 820 814 860 d'
841 818 993 861 alcuni
1016 818 1222 861 cittadini
1252 818 1506 874 principali,
1533 818 1677 861 nostri
1701 818 1874 872 deuoti,

220 898 233 940 i
257 899 378 954 quali
400 899 736 941 dimandauano
760 911 822 938 un
846 895 1039 951 collegio
1063 895 1108 937 in
1133 896 1283 950 quella
1299 895 1425 947 01113,
1453 911 1501 938 50
1519 894 1579 953 [vi
1598 911 1674 939 era
1692 895 1877 954 5100113]

222 991 303 1031 per
324 977 491 1018 andare
513 976 556 1017 la
579 975 703 1017 uolta
725 973 770 1016 di
801 973 1007 1029 Pariggi,
1041 974 1159 1016 doue
1183 987 1259 1015 era
1289 973 1320 1014 il
1352 975 1402 1015 P.
1432 975 1630 1028 Laynez,
1663 973 1877 1015 mandato

222 1054 296 1095 dal
313 1068 429 1109 papa
453 1052 534 1095 Pio
552 1059 715 1107 quarto
735 1051 806 1094 col
828 1050 1058 1093 cardinale
1081 1050 1126 1093 di
1145 1052 1335 1093 Ferrara
1354 1065 1433 1106 per
1455 1051 1497 1093 le
1514 1065 1620 1093 cose
1637 1051 1755 1093 della
1771 1049 1876 1092 reli-

225 1130 364 1187 gione
394 1146 418 1173 0
449 1138 579 1172 53013
611 1130 710 1172 fede
748 1129 987 1182 catholica3
1021 1136 1066 1170 et
1095 1129 1288 1171 essendo
1318 1128 1567 1171 certificato
1596 1129 1682 1171 che
1710 1135 1877 1184 poteua

226 1209 394 1251 andare
417 1207 738 1258 sicuramente,
765 1221 814 1249 se
837 1221 895 1249 ne
918 1207 1050 1262 parti.

741 1335 801 1364 FU
838 1334 986 1363 PRESO
1019 1322 1097 1364 DA’
1134 1334 1363 1363 HERETICI

318 1448 388 1489 27.
456 1435 741 1491 Seguitando
764 1434 794 1475 il
817 1448 901 1476 suo
924 1433 1079 1490 uiagio
1103 1448 1237 1476 uerso
1257 1433 1462 1489 Pariggi,
1489 1433 1580 1475 due
1604 1448 1629 1475 o
1654 1440 1722 1475 tre
1745 1433 1882 1488 leghe

229 1515 414 1556 lontano
436 1514 492 1556 de
517 1513 699 1564 Tolosa,
726 1511 772 1554 in
794 1527 857 1553 un
880 1511 1083 1554 hosteria
1106 1510 1152 1553 in
1175 1525 1444 1566 campagna,
1474 1525 1535 1551 un
1558 1510 1714 1566 miglio
1738 1509 1881 1565 prima

228 1592 271 1633 d’
299 1590 499 1633 arriuare
522 1591 578 1633 ad
619 1605 709 1632 una
743 1597 862 1632 terra
884 1588 1110 1631 chiamata
1140 1590 1394 1631 Rauastens
1425 1588 1458 1640 ²,
1491 1588 1760 1630 trouassimo
1791 1602 1881 1629 una

229 1750 341 1779 extra
359 1745 544 1791 oppidum
564 1750 670 1780 esset
688 1744 801 1779 nobis
828 1743 1137 1790 pernoctandum
1164 1755 1253 1777 cum
1285 1742 1469 1788 maximo,
1490 1748 1529 1777 et
1548 1743 1737 1789 pericu10‚
1758 1748 1798 1778 et
1816 1743 1882 1778 de-

230 1805 462 1840 trimento...

302 1865 525 1911 Antequam
545 1865 771 1899 veniremus
793 1864 992 1907 Tolosam,
1017 1875 1137 1909 quum
1156 1862 1422 1907 cogitaremus
1437 1863 1619 1909 Epamias
1645 1863 1693 1897 ad
1712 1868 1881 1906 nostros,

227 1924 496 1959 intelleximus
515 1926 564 1961 ab
583 1924 794 1959 haereticis
813 1924 999 1969 reiectos,
1021 1928 1060 1957 et
1081 1923 1291 1956 monachos
1312 1933 1463 1965 omnes,
1487 1927 1526 1956 et
1545 1928 1714 1957 nostros.

302 1985 702 2019 TOLOSAE.—Prima
733 1990 864 2030 nocte,
885 1983 1103 2030 periculum
1123 1994 1144 2017 a
1175 1982 1385 2017 caluinista
1414 1982 1614 2017 haeretice
1646 1983 1882 2030 impetuoso.

300 2044 533 2091 Reperimus
549 2056 630 2088 eos,
647 2045 714 2091 qui
733 2044 850 2079 eiecti
865 2043 1022 2078 fuerant
1037 2042 1211 2089 Epamiis
1226 2042 1267 2076 in
1283 2043 1520 2077 monasterio
1537 2042 1576 2078 S,
1596 2043 1740 2078 Mariae
1756 2044 1885 2078 Deau-

234 2110 355 2140 ratae.
378 2105 564 2150 Visitaui,
586 2110 664 2139 etc.

299 2164 373 2210 Egi
390 2176 479 2198 cum
500 2166 701 2211 Delpeche
717 2170 756 2199 et
776 2163 862 2198 aliis
882 2162 1077 2210 primariis
1094 2161 1377 2196 mercatoribus
1397 2161 1446 2196 de
1461 2161 1691 2197 fundatione
1710 2163 1884 2209 collegii,

230 2235 307 2270 qua
324 2223 372 2258 de
391 2235 432 2258 re
452 2224 587 2270 accepi
606 2224 740 2259 literas
759 2224 807 2258 ad
826 2223 1066 2258 cardinalem
1083 2221 1380 2267 Armignacum.

302 2283 561 2329 Incoeperant
580 2284 657 2318 iam
684 2284 814 2318 furere
834 2282 1081 2317 caluinistae.

303 2343 350 2377 IN
370 2352 438 2377 VIA
458 2342 1027 2378 TOLOSA·RUTHENUM.—Ad
1045 2341 1231 2388 oppidum
1250 2341 1486 2387 Rabastens,
1506 2341 1652 2377 fuimus
1678 2344 1727 2378 ab
1752 2344 1886 2378 haere-

231 2401 320 2436 ticis
339 2402 561 2449 intercepti3
583 2409 621 2437 et
640 2404 798 2438 tametsi
817 2403 911 2438 nihil
928 2402 1041 2438 nobis
1062 2400 1283 2446 nocuerint,
1299 2399 1445 2435 fuimus
1462 2406 1607 2447 tamen,
1622 2402 1884 2448 examinibus,

235 2461 365 2507 minis,
385 2463 634 2497 contumeliis
654 2463 858 2508 exagitati.

306 2522 468 2556 Fuimus
482 2523 521 2557 in
540 2535 691 2557 summo
710 2523 898 2570 periculo,
919 2528 959 2557 et
977 2534 1096 2568 quum
1116 2532 1187 2555 nos
1202 2521 1379 2566 captiuos
1394 2522 1586 2556 haberent
1605 2526 1683 2556 tres
1699 2523 1827 2568 horas,
1848 2528 1887 2557 et

234 2582 275 2616 in
295 2581 445 2627 maiori,
465 2594 583 2628 quum
603 2584 676 2617 sub
696 2588 851 2617 noctem
870 2595 942 2617 nos
973 2580 1220 2616 dimitterent
1251 2580 1299 2614 ad
1330 2581 1558 2627 hospitium3
1579 2592 1648 2616 nos
1673 2586 1734 2616 est
1751 2593 1888 2616 conse-

234 2646 348 2676 cutus
367 2653 416 2675 ex
434 2641 529 2687 ipsis
549 2654 683 2688 eques,
705 2643 770 2688 qui
791 2655 861 2677 1105
880 2642 1009 2677 fuerat
1028 2645 1111 2675 tota
1131 2640 1196 2675 illa
1218 2640 1279 2674 via
1299 2639 1541 2675 insecutus.»

310 2703 319 2721 ¹
373 2701 567 2746 «Pamiae,
583 2703 782 2743 Pamiers,
800 2704 892 2737 urbs
909 2701 1160 2748 Aquitaniae,
1178 2700 1280 2746 apud
1295 2700 1533 2735 Garumnam
1549 2700 1725 2746 fluvium,
1741 2700 1890 2746 episco-

236 2759 333 2806 palis
353 2761 426 2794 sub
445 2761 754 2808 Archiepiscopo
773 2763 985 2807 Tolosano,
1006 2760 1096 2795 inde
1115 2768 1136 2804 7
1168 2759 1290 2794 leucis
1310 2759 1349 2794 in
1380 2760 1654 2795 meridiem...»
1687 2761 1889 2804 FERRARI,

241 2819 410 2854 Lexicon
425 2821 650 2867 geograph.

307 2882 321 2900 ‘-'
374 2880 666 2914 «RABASTENS.
683 2880 792 2925 4985
808 2882 846 2916 h.
864 2881 967 2916 Ville
983 2880 1032 2915 de
1049 2881 1198 2915 Franco
1215 2880 1365 2925 (Tarn),
1381 2891 1455 2914 arr.
1473 2879 1521 2914 de
1537 2878 1703 2923 Gaillae,
1719 2879 1780 2912 ch.
1798 2879 1823 2912 1.
1840 2878 1889 2912 de

234 2943 339 2972 cant.
358 2950 422 2972 sur
441 2940 476 2973 le
496 2938 579 2973 rive
599 2939 655 2974 dr.
677 2940 729 2974 du
748 2940 865 2983 Tarn3
888 2940 1034 2975 station
1052 2937 1104 2971 du
1124 2937 1250 2971 chem.
1272 2935 1321 2970 de
1346 2938 1403 2974 fer
1422 2939 1470 2974 de
1489 2939 1688 2973 Toulouse
1707 2937 1728 2972 a
1755 2937 1888 2973 Albi.»

235 2998 421 3043 -GUERIN‚
443 2998 621 3033 Diction.
643 2999 709 3033 des
729 3000 894 3033 diction.
