2038 3313
865 202 908 238 28
935 204 1042 248 JULn
1073 203 1157 247 1561
1768 209 1832 247 501

960 459 1076 499 139

640 563 684 598 Ρ.
713 562 956 609 JOANNES
983 564 1053 598 DE
1079 562 1333 601 POLANCO

843 672 892 695 ex
911 660 1188 695 commissione

441 759 689 808 PATRI
742 764 1243 808 HIERONYMO
1298 765 1578 808 NADAL

676 871 927 924 Ferrariae,
955 872 1009 914 28
1027 871 1138 929 Julii
1167 872 1273 926 1561
1308 873 1332 914 ¹.

177 1002 210 1034 Ι,
230 1002 265 1027 2.
292 993 461 1027 Patrem
492 991 639 1027 Lainez
653 991 768 1038 febri
792 994 1023 1038 correptum
1039 990 1195 1038 fnisse:
1220 991 1306 1027 eius
1331 991 1578 1026 visitationis
1593 991 1762 1038 fructus
1788 993 1832 1027 in

246 1052 376 1087 variis
394 1052 674 1099 collegiiS.—3‚
695 1060 736 1095 4.
758 1051 819 1086 De
838 1051 986 1086 litteris
1004 1052 1113 1085 ultro
1132 1051 1309 1096 citroque
1333 1051 1556 1086 mittendis:
1581 1052 1629 1086 de
1647 1052 1832 1098 pecuniis

248 1125 274 1147 a
294 1112 400 1159 filiis
421 1113 460 1148 S.
481 1112 690 1147 Francisci
709 1112 1000 1158 persolvendis,
1026 1115 1063 1147 et
1088 1112 1134 1146 de
1160 1123 1202 1146 re
1218 1111 1453 1158 familiari,
1479 1124 1505 1146 a
1528 1123 1665 1147 sorore
1690 1113 1832 1162 Patris

250 1172 475 1207 Domeneclz
503 1174 753 1218 astirpata.—
768 1181 804 1215 ς,
831 1171 868 1206 6.
896 1172 957 1206 De
988 1172 1228 1217 quibusdam
1253 1172 1524 1218 indulgentiis
1547 1174 1584 1206 et
1609 1172 1656 1206 de
1680 1172 1831 1206 redem-

244 1233 382 1279 ptione
394 1231 551 1279 fratris
569 1231 872 1277 Freyle.—7-I2.
894 1232 954 1266 De
973 1231 1071 1266 bono
1088 1243 1264 1266 successu
1284 1232 1532 1268 visitationis
1548 1232 1596 1266 P.
1613 1231 1764 1272 Nadal,
1784 1233 1830 1266 de

251 1293 338 1327 PP.
365 1293 525 1327 Roman
549 1294 585 1326 et
613 1292 878 1333 Avellaneda,
905 1292 952 1327 de
977 1292 1158 1333 concilim
1185 1292 1232 1327 de
1256 1291 1446 1327 subsidiis
1469 1292 1637 1339 collegio
1661 1303 1830 1326 romano

248 1353 521 1399 providendis,
544 1354 615 1387 etc.

940 1450 1072 1506 Jhus.

270 1554 382 1608 Muy
404 1552 522 1595 Rdo.
550 1567 608 1596 en
630 1553 750 1609 Xpo.
778 1552 942 1595 Padre.

269 1632 365 1673 Pax
388 1629 515 1686 Xpi.,
543 1636 628 1673 ete.

273 1722 308 1752 Ι.
376 1709 577 1764 Aunque
605 1708 663 1752 (16
692 1709 836 1750 Roma
864 1692 969 1751 ereo
998 1707 1222 1750 scriuiran
1244 1712 1270 1751 a
1292 1709 1349 1751 V.
1378 1709 1453 1761 R.,
1480 1722 1539 1750 no
1571 1708 1738 1752 dexar&
1770 1708 1827 1751 de

179 1786 380 1830 uisitarle
411 1787 425 1807 ‘³
460 1800 548 1829 eon
581 1792 699 1838 esta,
735 1801 764 1841 y
797 1786 855 1829 (16
886 1786 930 1828 10
964 1787 1121 1830 demas
1160 1787 1408 1830 entendera
1436 1779 1523 1842 por⁴
1553 1786 1592 1828 la
1624 1801 1712 1842 que
1740 1801 1826 1829 eon

179 1872 275 1909 esta
303 1880 361 1907 ua
390 1865 493 1922 (que
522 1879 570 1908 65
599 1864 763 1906 saeada
791 1864 848 1907 (16
876 1870 976 1906 otra
1004 1879 1111 1919 para
1141 1865 1182 1908 61
1214 1866 1264 1907 Ρ.
1292 1863 1403 1907 Luis
1431 1863 1695 1919 Gonoalez):
1728 1871 1825 1907 esto

175 1942 361 1985 affiadire':
384 1957 441 1987 en
464 1948 576 1993 esta,
603 1956 693 1998 que
715 1944 818 1996 aqui
844 1957 901 1986 en
923 1943 958 1984 F
962 1957 1114 1986 errata
1135 1956 1185 1986 56
1212 1943 1271 1984 ha
1294 1942 1523 1984 mostrado
1546 1956 1638 1984 una
1659 1941 1825 1986 fiebre-

173 2019 290 2072 zilla,
316 2034 406 2075 que
427 2035 485 2063 en
509 2019 719 2075 Bologna
742 2022 959 2074 eomenoo
981 2023 1006 2061 a
1028 2019 1109 2062 dar
1127 2034 1189 2062 un
1207 2034 1321 2075 poco
1339 2020 1397 2063 de
1419 2018 1625 2063 molestia
1643 2023 1669 2062 a
1685 2034 1824 2063 nues—

175 2104 242 2140 tro
268 2098 430 2141 Padre.
456 2096 603 2141 Dizen
633 2111 722 2152 que
755 2112 803 2140 65
838 2096 1088 2140 tereianilla
1116 2097 1272 2148 doble,
1308 2112 1338 2152 y
1371 2111 1461 2152 que
1493 2097 1623 2141 deste
1656 2096 1823 2153 tiempo

173 2190 258 2218 son
280 2176 461 2219 breues.
487 2176 558 2217 Yo
581 2189 714 2231 spero
737 2189 826 2231 que
849 2189 906 2230 oy
929 2175 971 2220 16
992 2175 1052 2218 ha
1073 2175 1131 2217 (16
1154 2175 1315 2227 dexar,
1341 2189 1371 2230 y
1392 2189 1481 2230 que
1503 2175 1644 2231 podra
1667 2175 1823 2230 seguir

174 2253 215 2295 al
237 2253 450 2296 cardenal
472 2253 504 2304 ⁵,
531 2267 620 2308 que
649 2267 698 2296 56
726 2252 907 2296 (16116116
930 2252 1124 2308 algunos
1146 2254 1243 2295 dias
1266 2268 1324 2296 en
1347 2253 1382 2295 F
1386 2267 1552 2304 errara,
1578 2267 1608 2308 y
1630 2252 1822 2308 eumplir

172 2332 215 2374 la
237 2330 439 2383 mission,
465 2345 638 2386 porque
660 2336 757 2374 esta
779 2336 974 2373 mafiana
996 2345 1159 2387 parece
1181 2335 1279 2374 esta
1301 2331 1376 2374 (161
1394 2330 1500 2373 todo
1517 2329 1687 2386 limpio,
1708 2329 1819 2373 Dios

174 2409 322 2451 loado.

264 2499 305 2529 2.
373 2486 499 2529 Hase
519 2487 666 2529 heeho
688 2487 918 2542 prouecho
941 2501 1022 2542 por
1051 2492 1173 2530 estos
1195 2485 1413 2543 collegios
1441 2500 1528 2529 eon
1556 2501 1610 2529 511
1633 2487 1813 2538 uenida,

170 2579 201 2619 y
224 2579 281 2607 en
303 2562 495 2606 Francia
516 2577 648 2619 spero
671 2578 721 2606 56
737 2564 847 2606 hara
864 2567 956 2606 aim
972 2579 1144 2620 mayor,
1167 2564 1344 2608 adonde
1361 2579 1438 2608 era
1454 2566 1586 2607 harto
1604 2579 1815 2608 necessa—

170 2641 237 2685 ria
259 2642 302 2685 la
319 2640 575 2694 uisitaciom
596 2656 625 2697 y
643 2644 707 2684 asi
725 2656 775 2685 56
792 2642 965 2697 podran
982 2642 1127 2697 mejor
1145 2648 1406 2686 entretener
1422 2644 1553 2685 hasta
1570 2657 1659 2697 que
1678 2643 1734 2685 V.
1757 2644 1810 2684 R.

242 2806 249 2825 ¹
302 2804 361 2838 Ex
382 2804 553 2851 Regest„
575 2804 728 2851 «Epist.
744 2804 862 2851 Hisp.
883 2803 1138 2849 1559-1564»,
1154 2804 1220 2839 fol.
1238 2802 1418 2848 339.—In
1433 2803 1622 2850 margine:
1640 2805 1712 2839 Re
1731 2805 1814 2839 Na-

169 2864 242 2898 tal.
262 2864 340 2898 Del
360 2864 432 2898 P.e
454 2864 646 2898 Polanco.

239 2926 252 2945 2
304 2924 393 2968 Ms.‚
413 2924 643 2958 auisitarle.
664 2923 777 2958 Prius
796 2923 985 2970 scriptum
1008 2923 1136 2958 fuerat
1161 2925 1326 2959 verbum
1350 2924 1542 2966 avisarle,
1569 2929 1706 2971 postea
1729 2924 1814 2970 ejus

169 2985 254 3019 1060
272 2982 461 3030 scripturn
479 2988 540 3018 est
558 2983 756 3025 visitem-le,
776 2983 847 3019 sed
864 2995 912 3019 ex
927 2983 1127 3019 oblivione
1140 2985 1277 3019 relicta
1292 2989 1353 3018 est
1371 2983 1502 3019 littera
1515 2996 1541 3019 a
1555 2984 1667 3020 initio
1685 2985 1809 3022 verbi.

243 3044 256 3063 ⁵
306 3042 559 3090 Hippolytus,
577 3042 785 3079 cardinalis
804 3043 988 3089 estensis,
1007 3044 1161 3089 legatus
1180 3042 1389 3090 pontificis.
1666 3081 1685 3107 α
