2038 3313
637 212 892 249 PROOEMIUM
918 220 1032 247 PRIMI
1058 219 1285 247 VOLUMINIS
1691 220 1787 248 LXIX

144 315 286 371 togal,
312 329 401 370 que
418 330 475 358 en
499 315 686 359 Castilla
708 331 756 359 se
779 314 1106 358 marauillauan
1129 314 1196 356 los
1218 319 1445 365 nuestrOS,
1471 328 1500 369 y
1523 327 1615 356 uno
1643 314 1699 356 de
1720 314 1788 356 los

141 393 355 449 antiguos
378 408 435 436 en
457 394 500 436 la
523 395 774 449 Compania
795 407 868 436 me
889 393 1009 435 dixo:
1040 410 1056 431 «
1066 406 1125 434 no
1150 398 1289 447 tengo
1312 405 1532 447 speranca
1553 390 1652 433 sino
1685 405 1789 447 por-

143 484 230 527 que
253 472 309 514 V.
337 473 390 514 R.
418 471 459 514 la
483 471 647 524 tiene»;
676 470 941 514 teniendose
963 470 1028 513 las
1052 484 1181 512 cosas
1203 483 1284 525 por
1306 467 1400 510 mui
1418 468 1610 511 dificiles
1638 469 1694 511 ¹.»

233 549 377 592 Multa
394 548 579 605 insuper
596 550 652 592 de
669 548 871 592 secunda
888 548 986 603 ejus
1003 546 1279 600 visitatione,
1300 560 1419 589 anno
1444 546 1570 600 1561,
1591 545 1638 588 in
1656 547 1788 590 Lusi—
1828 565 1831 567 ’

143 625 292 670 taniae
334 627 581 682 provincia,
628 627 675 669 in
711 625 914 682 epistolis
951 624 1071 667 illius
1109 624 1216 667 anni
1253 623 1548 680 reperientur.
1594 625 1791 667 Fructus

142 710 293 747 autem
326 704 596 748 laetissimos
634 704 695 747 ibi
724 704 941 747 collectos
972 701 1098 745 hisce
1127 700 1277 744 verbis
1304 700 1401 757 ipse
1438 701 1600 754 Nadal,
1633 700 1705 744 die
1735 713 1790 756 27

143 782 373 835 Octobris,
415 783 472 825 ad
502 784 555 825 Ρ.
589 782 757 826 Lainez
795 779 1127 824 conscribebat:
1169 781 1313 835 «Voy,
1347 779 1510 831 Padre,
1543 793 1652 835 muy
1680 794 1792 822 con-

143 866 267 902 tento
304 875 334 916 y
364 861 610 904 consolado
649 861 778 904 desta
805 857 1053 916 provincia,
1095 857 1241 914 gloria
1268 857 1310 900 al
1339 858 1501 910 Sefior,
1539 860 1603 900 asi
1641 872 1723 913 por
1750 857 1793 900 la

142 938 423 994 promptitud
445 954 534 994 que
556 940 614 982 he
636 939 815 981 hallado
839 952 898 981 en
919 937 986 979 los
1009 935 1281 992 superiores,
1307 949 1437 978 como
1459 950 1542 992 por
1565 935 1606 979 el
1633 936 1794 979 desseo

142 1016 199 1059 de
222 1015 420 1059 caminar
443 1020 468 1059 a
490 1017 533 1059 la
554 1015 867 1072 perfeccion...
895 1028 984 1070 que
1006 1028 1063 1057 en
1087 1014 1219 1056 todos
1242 1027 1290 1056 se
1312 1027 1440 1056 vee.»

233 1095 281 1136 In
313 1093 514 1149 epistolis
543 1093 649 1136 anni
686 1103 940 1148 1553-1554
969 1099 1169 1148 apparet,
1201 1091 1318 1135 inter
1347 1090 1449 1144 alia,
1481 1105 1657 1135 summa
1685 1106 1794 1148 pru-

146 1170 299 1213 dentia
334 1171 481 1214 Patris
505 1172 651 1215 Nadal
672 1170 718 1214 in
742 1171 922 1227 agendo
945 1185 1049 1213 cum
1078 1169 1423 1225 inquisitoribus
1451 1171 1726 1214 HISPANIAE
1748 1170 1794 1213 in

144 1248 331 1303 negotio
369 1248 476 1292 Dni.
512 1248 673 1292 Didaci
712 1249 768 1291 de
797 1249 1009 1291 Guzman
1037 1254 1083 1290 et
1120 1247 1332 1290 Doctoris
1362 1249 1544 1300 Loarte,
1583 1247 1630 1290 in
1658 1249 1794 1291 rebus

145 1328 197 1368 P.
225 1325 421 1370 Simonis
453 1326 630 1369 fortiter
652 1326 785 1369 simul
808 1333 853 1368 et
875 1325 1074 1368 suaviter
1098 1325 1418 1381 transigendis,
1450 1324 1494 1367 in
1518 1327 1638 1368 Dno.
1666 1327 1793 1368 Hen-

143 1403 237 1445 rico
259 1404 316 1445 de
338 1404 381 1446 13
405 1404 562 1447 Cueva
579 1411 624 1446 et
646 1406 766 1447 Dno.
795 1402 1049 1446 Theotonio
1072 1405 1171 1445 Deo
1187 1409 1232 1445 et
1250 1402 1466 1446 Societati
1483 1402 1792 1455 conciliandis,

142 1479 187 1522 in
206 1480 413 1524 libertate
431 1488 474 1523 et
492 1481 765 1524 auctoritate
783 1480 948 1537 Ignatii
967 1480 1239 1522 vindicanda
1258 1495 1338 1535 pro
1355 1480 1577 1523 electione
1596 1481 1794 1524 Patriar—

143 1559 255 1601 chae
293 1559 483 1614 ejusque
521 1559 769 1611 sociorum,
811 1558 857 1601 in
895 1557 1110 1614 principis
1156 1557 1353 1613 Philippi
1394 1558 1541 1614 gratia
1579 1558 1796 1603 Societati

141 1636 460 1692 comparanda,
488 1636 535 1679 in
563 1637 859 1693 collegiorum
888 1635 1247 1688 barcinonensis,
1281 1635 1515 1689 valentini,
1543 1636 1791 1689 eborensis,

143 1713 516 1769 ulyssiponensis,
543 1714 842 1757 cordubensis
872 1721 959 1757 etc.
989 1713 1255 1756 fundatione
1278 1712 1447 1769 optime
1469 1714 1791 1769 promovenda.

234 1792 325 1836 Sed
348 1791 584 1835 veniamus
601 1792 695 1848 jam
715 1793 771 1835 ad
789 1806 861 1835 res
879 1793 1191 1843 GERMANIAE,
1214 1792 1270 1834 ad
1288 1806 1401 1847 quas
1418 1791 1572 1834 divino
1596 1792 1795 1847 quodam

143 1871 298 1913 afflatu
321 1884 428 1926 prae
451 1869 549 1913 aliis
573 1870 679 1914 ferri
701 1870 827 1914 visus
845 1877 914 1913 est
938 1872 990 1913 P.
1018 1870 1164 1913 Nadal
1180 1869 1275 1925 jam
1294 1871 1349 1913 ab
1373 1869 1512 1912 initiis
1530 1884 1640 1913 suae
1657 1884 1794 1912 voca—

145 1946 294 1989 tionis.
326 1948 395 1989 En
425 1949 644 1991 nonnulla
673 1963 727 1991 ex
759 1948 1073 2004 frequentibus
1102 1947 1496 2000 illustrationibus,
1530 1946 1614 2003 ipsi
1644 1962 1669 1990 a
1697 1949 1797 1990 Deo

144 2024 189 2067 in
212 2024 415 2068 oratione
436 2025 663 2078 immissis,
692 2041 804 2082 quas
827 2041 882 2069 ex
906 2028 964 2068 F.
994 2026 1178 2068 Natalis
1201 2025 1427 2080 opusculis
1451 2025 1791 2068 transumimus.

232 2104 347 2159 Pag.
388 2104 600 2158 116-117.
637 2105 839 2147 «Orabat
868 2103 1051 2159 quidam
1076 2104 1089 2123 ²
1133 2104 1210 2160 [sc.
1248 2103 1410 2160 Nadal]
1446 2104 1502 2145 ad
1535 2102 1795 2146 interiorem

141 2179 313 2222 aditum
342 2180 449 2223 Diui
479 2181 713 2224 Laurentii
743 2188 871 2225 extra
903 2196 1073 2235 muros3
1106 2180 1249 2225 sensit
1277 2188 1428 2224 autem
1464 2180 1795 2237 ingredientem

142 2256 350 2313 spiritum
374 2258 557 2301 Domini
579 2258 626 2301 in
649 2259 957 2303 Germaniam.
985 2260 1110 2302 Ante
1133 2266 1428 2315 conspectum
1447 2273 1555 2301 vero
1578 2258 1676 2302 eius
1708 2258 1796 2301 dif-

145 2335 306 2390 fugere
328 2336 544 2379 demones
574 2338 871 2380 tremebunde
899 2337 1156 2394 dissipatos:
1191 2336 1362 2379 vtinam
1393 2336 1437 2379 id
1465 2343 1621 2379 nostra
1649 2343 1798 2380 aetate

143 2411 425 2455 videamus.»

235 2491 349 2546 Pag.
384 2502 594 2545 143444.
626 2492 865 2535 «Eundum
893 2492 939 2535 in
969 2491 1278 2545 Germaniam3
1312 2507 1415 2535 nam
1444 2492 1517 2535 vel
1546 2492 1657 2534 nihil
1685 2507 1796 2549 age-

144 2572 233 2618 tur,
259 2573 305 2609 et
327 2568 446 2610 bona
469 2567 553 2610 erit
574 2571 686 2612 haec
709 2569 917 2612 confusio
941 2576 986 2612 et
1007 2569 1277 2623 humiliatio,
1305 2569 1403 2612 siue
1426 2569 1595 2625 aliquid
1613 2577 1791 2626 agetur,

143 2650 188 2686 et
210 2643 356 2699 gloria
378 2645 462 2688 erit
484 2646 586 2698 Dei,
613 2647 685 2689 vel
708 2647 892 2690 omnino
911 2647 1045 2690 faciet
1063 2648 1208 2703 Xpus.
1231 2654 1280 2689 vt
1296 2654 1441 2690 morte
1458 2654 1613 2690 nostra
1630 2647 1794 2690 iuuen—

143 2726 216 2762 tur
237 2722 458 2777 germani,
485 2730 530 2766 et
546 2723 592 2765 id
610 2724 688 2767 fiat
706 2723 752 2766 in
768 2732 1061 2781 peccatorum
1078 2724 1420 2782 poenitentiam:
1449 2725 1559 2768 faxit
1577 2727 1721 2783 Xpus.
1744 2733 1793 2769 vt

144 2812 223 2853 per
245 2799 550 2844 obedientiam
573 2800 753 2845 liceat.»

218 2985 229 3005 ¹
280 2984 381 3019 Vide
401 2986 515 3032 epist.
536 2985 597 3032 60,
617 2998 706 3033 pag.
731 2988 811 3032 194.

217 3044 230 3064 Ξ
283 3044 371 3090 Ms.,
389 3046 564 3090 quidem,
586 3057 716 3081 errore
735 3047 896 3084 librarii.
