2038 3313
246 217 267 251 8
840 220 1005 256 CHRoN.
1035 220 1078 253 P.
1108 219 1297 255 NATAms

245 319 446 376 algerian
455 336 542 364 um:
563 321 711 377 recepi
728 321 925 377 hospitio
944 323 1002 364 D.
1021 324 1280 365 Moscosum
1304 324 1332 365 ¹:
1355 322 1452 365 eius
1471 337 1607 378 opera
1627 321 1895 379 designatus

247 396 310 439 fui
348 413 374 440 a
401 412 584 441 caesare
621 400 897 454 capellanus:
940 399 985 441 id
1020 413 1091 442 me
1120 399 1327 442 nonnihil
1357 400 1621 455 abstergere
1653 399 1895 442 videbatur

247 474 434 527 fastidii,
461 477 582 530 quod
610 475 823 519 attineret
852 475 1025 519 scilicet
1054 477 1111 518 ad
1140 476 1449 528 ambitionem,
1477 477 1556 519 sed
1585 491 1678 519 non
1701 476 1894 532 profecit

246 551 443 607 longius.

337 642 359 671 2
367 641 406 684 5.
475 631 631 686 Quum
658 632 794 687 plane
820 645 966 674 essem
994 631 1255 687 deploratus
1285 638 1330 673 et
1352 629 1462 671 mihi
1491 638 1536 673 et
1566 629 1665 673 aliis
1688 630 1812 683 item,
1844 638 1894 673 vt

246 706 469 759 existimo,
496 723 729 763 nunquam
752 716 904 751 tamen
926 710 983 751 de
1005 723 1105 751 mea
1121 707 1360 750 vocatione
1383 708 1415 759 ²,
1444 722 1579 762 quam
1602 722 1781 764 semper
1799 723 1894 751 cre·

247 783 339 825 didi
363 784 578 828 Luteciae
601 786 814 828 habuisse
843 785 1038 838 initium,
1065 792 1110 828 et
1133 800 1232 828 mea
1261 784 1500 840 iniquitate
1523 800 1622 828 esse
1647 787 1891 841 repulsam3

248 861 472 918 contingit
494 871 542 905 vt
577 863 779 907 audirem
817 879 843 906 a
871 863 1060 906 Palouio
1089 864 1145 906 de
1168 864 1300 906 beata
1322 863 1397 905 illa
1425 862 1606 919 virgine
1630 863 1896 907 Elizabetha

248 938 411 994 Siphra
428 941 460 991 ⁵,
481 940 612 983 cuius
630 940 726 996 ipse
742 948 838 984 erat
856 940 1176 993 confessarius,
1203 955 1319 995 quae
1338 947 1447 983 tunc
1465 940 1776 996 octogenaria,
1795 955 1821 983 a
1845 953 1894 984 12

248 1016 407 1059 aetatis
429 1015 579 1075 [anno]
603 1018 793 1060 eximiae
816 1019 962 1060 fuerat
980 1017 1174 1073 pietatis.
1198 1017 1370 1060 Multae
1386 1018 1578 1060 virtutes
1601 1019 1658 1060 de
1675 1017 1772 1073 ipsa
1788 1026 1902 1060 nar-'

248 1095 464 1136 rabantur
487 1102 532 1138 et
554 1095 784 1138 miracula:
810 1098 922 1138 haec
944 1095 1167 1151 praedixit
1190 1095 1487 1138 infortunium
1513 1110 1565 1138 ac
1584 1096 1891 1152 naufragium,

249 1173 371 1226 quod
388 1187 548 1227 passus
567 1180 635 1215 est
652 1188 805 1215 caesar
825 1173 946 1228 apud
964 1172 1205 1228 Algerium
1224 1173 1270 1214 in
1289 1173 1492 1229 Aphrica
1510 1174 1540 1215 ⁴.
1563 1175 1634 1216 De
1650 1175 1735 1216 hac
1753 1178 1893 1228 quu'm

248 1313 421 1349 adventu
439 1315 479 1350 in
497 1315 663 1350 insulam
681 1316 915 1350 balearicam
934 1316 1045 1361 plura
1062 1316 1184 1350 habes
1202 1315 1242 1350 in
1260 1327 1322 1362 op.
1340 1328 1463 1362 nuper
1477 1316 1560 1360 cit.,
1577 1317 1894 1362 DAMETo-MUT,

249 1373 356 1407 Hist.
381 1375 428 1408 de
458 1375 687 1416 llffallorca.²
715 1380 743 1409 t.
771 1375 841 1418 III,
869 1376 894 1409 1.
921 1375 970 1420 X,
996 1386 1029 1409 c.
1057 1373 1107 1418 3.;
1142 1380 1181 1409 et
1208 1376 1460 1420 CAMPANER,
1492 1375 1652 1411 Crovio.
1688 1376 1893 1422 mayoric.‚

248 1444 337 1479 pag.
357 1442 426 1478 257
444 1440 483 1469 et
507 1447 590 1481 seq.

322 1495 332 1514 ¹
385 1495 453 1528 Dr.
480 1495 649 1529 Alvarus
680 1496 873 1538 Moscoso,
905 1495 1028 1530 nobili
1057 1507 1204 1540 genere
1237 1500 1345 1529 ortus
1376 1495 1545 1530 Caceres
1565 1494 1895 1540 (Extremadural,

248 1551 340 1587 dum
358 1554 517 1589 Parisiis
536 1555 752 1590 studiorum
770 1566 888 1590 causa
907 1561 1144 1601 versaretur,
1165 1556 1204 1590 S.
1227 1555 1380 1600 Ignatio
1398 1554 1471 1590 fuit
1486 1556 1600 1590 valde
1615 1555 1831 1600 familiaris,
1847 1557 1896 1589 ab

249 1624 372 1659 eoque
392 1615 589 1649 exercitiis
609 1616 875 1662 spiritualibus
895 1617 1076 1650 excultus
1093 1616 1328 1660 (POLANCQ
1348 1615 1513 1657 Clzron„
1531 1617 1562 1661 I,
1581 1625 1640 1660 453
1663 1620 1702 1650 et
1722 1616 1773 1658 ΙΙ,
1795 1613 1894 1659 253),

249 1672 388 1707 Carolo
408 1675 441 1707 V
460 1686 706 1721 summopere
742 1677 881 1711 charus
916 1675 1062 1721 extitit,
1088 1675 1251 1721 ejusque
1276 1675 1478 1709 comitatui
1506 1680 1545 1710 et
1575 1675 1746 1710 familiae
1771 1674 1895 1709 adsci*

249 1735 310 1765 tus
330 1732 505 1777 pluribus
523 1734 649 1777 annis3
670 1739 807 1780 postea
838 1734 1045 1780 episcopus
1070 1733 1377 1780 pampilonensis
1395 1739 1563 1777 creatus3
1584 1734 1742 1768 tandem
1769 1733 1809 1767 in
1834 1744 1877 1767 za

249 1802 445 1826 moranam
477 1794 683 1828 ecclesiam
724 1795 949 1837 translatus,
994 1793 1032 1828 in
1076 1793 1213 1828 eadem
1257 1805 1278 1828 e
1322 1793 1422 1828 vivis
1454 1794 1626 1828 excessit
1652 1804 1752 1828 anno
1787 1792 1891 1837 1564.
1938 1832 1941 1835 ,

247 1851 410 1899 (Biogr.
435 1854 539 1896 eccl„
562 1855 669 1900 XIV,
694 1854 777 1899 6063
811 1854 948 1900 GAMS,
982 1854 1113 1889 Series
1142 1855 1280 1900 episc.)
1300 1853 1400 1888 Vide
1431 1854 1549 1888 etiam
1580 1855 1892 1897 RIVADENEIRA,

248 1911 352 1946 Hist.
371 1924 442 1946 ms.
474 1914 521 1948 de
552 1914 593 1947 la
625 1915 747 1949 Aszssst.
773 1916 819 1948 de
851 1915 1031 1961 Espafia,
1065 1914 1132 1948 lib.
1153 1914 1204 1959 II,
1231 1925 1315 1960 cap.
1340 1914 1395 1959 18,
1429 1915 1495 1949 ubi
1514 1915 1623 1949 111.ῐᾘί
1643 1916 1692 1948 D.
1715 1914 1893 1948 Moscoso

246 1971 450 2017 epistolam
469 1972 508 2007 in
526 1973 681 2007 laudern
696 1973 905 2008 Societatis
926 1974 1013 2008 lesu
1039 1973 1222 2019 scriptam
1246 1973 1434 2019 reperies,
1460 1985 1509 2008 ex
1527 1986 1602 2020 qua
1627 1974 1723 2007 haec
1742 1978 1893 2007 tantum

247 2032 505 2067 transcribere
520 2035 661 2079 placet:
684 2034 756 2068 «Al
776 2034 819 2068 Ρ.
841 2034 915 2068 M.0
937 2034 1111 2079 Ignacio,
1130 2032 1321 2068 fundador
1340 2033 1388 2068 de
1403 2039 1487 2068 esta
1506 2034 1640 2079 orden,
1661 2033 1700 2067 vi
1725 2044 1852 2067 morar
1868 2045 1894 2078 y

245 2091 417 2126 estudiar
435 2094 596 2128 muchos
615 2096 709 2128 afios
728 2106 778 2128 en
796 2094 920 2138 Paris,
939 2106 964 2139 y
989 2095 1025 2128 le
1049 2096 1240 2128 converse
1265 2092 1582 2139 familiarmente,
1607 2105 1632 2139 y
1651 2104 1778 2127 nunca
1797 2104 1894 2138 supe

245 2150 293 2185 de
310 2153 345 2186 e]
365 2164 457 2187 cosa
474 2165 549 2199 que
569 2165 618 2187 no
637 2153 749 2188 fuese
768 2153 886 2198 digna
905 2153 953 2187 de
974 2156 1094 2188 varon
1112 2153 1400 2199 apostolico...»

316 2214 329 2232 ²
382 2213 589 2259 Nunquam
608 2212 693 2248 scil.
714 2213 762 2248 de
782 2225 868 2248 mea
887 2213 1093 2247 vocatione
1113 2213 1338 2258 deploratus
1357 2212 1413 2247 fui
1432 2212 1534 2259 apud
1554 2214 1696 2247 Deum.

316 2272 329 2291 ³
379 2272 589 2318 Perperam
612 2273 814 2319 scriptum,
840 2284 908 2319 pro
937 2272 1071 2319 Cisra.
1098 2273 1299 2307 Elisabeth
1319 2272 1439 2318 Cisra,
1466 2271 1683 2307 institutrix
1704 2271 1779 2306 fuit
1803 2282 1893 2306 con-

245 2331 398 2366 victorii
416 2334 632 2378 puellarum
651 2332 855 2378 nobilium,
887 2332 991 2379 quod
1018 2333 1237 2379 appellatur
1260 2334 1306 2367 de
1326 2333 1367 2366 la
1401 2331 1592 2367 Crianza.
1627 2331 1737 2369 Obiit
1756 2343 1891 2366 mense

245 2391 335 2437 Maji
353 2404 414 2426 an.
440 2401 542 2436 1542.
563 2393 662 2427 Vide
683 2393 792 2438 MUT,
824 2394 922 2427 Vida
947 2394 993 2427 (Ze
1013 2393 1140 2427 [sabel
1170 2392 1305 2439 Cisra,
1327 2404 1415 2438 pag.
1439 2394 1672 2436 127.—Item
1691 2393 1891 2426 DAMETO*

245 2451 355 2496 MUT,
375 2452 483 2486 Hist.
503 2454 549 2487 de
570 2453 783 2493 Mallorca,
805 2458 833 2486 t.
855 2453 926 2498 ΙΙΙ,
947 2452 1014 2487 lib.
1035 2453 1124 2496 XII,
1144 2464 1178 2487 c.
1198 2453 1231 2486 8.

315 2512 330 2531 4
381 2512 526 2556 «Llego
546 2513 580 2546 el
600 2512 838 2557 Emperador
857 2512 992 2547 Carlos
1014 2513 1047 2545 V
1068 2514 1088 2546 a
1119 2513 1300 2546 Mallorca
1319 2515 1341 2546 a
1363 2511 1405 2546 13
1433 2512 1481 2546 de
1513 2511 1688 2548 Octubre
1708 2511 1756 2545 de
1786 2519 1890 2555 1541,

243 2582 333 2617 para
352 2582 485 2617 passar
503 2574 524 2606 a
542 2573 577 2606 la
595 2572 800 2618 commista
818 2572 866 2606 (le
887 2573 1023 2618 Argel,
1043 2584 1154 2607 como
1175 2572 1316 2607 escribi
1336 2574 1577 2617 largamente
1593 2584 1641 2606 en
1661 2573 1695 2606 el
1716 2577 1822 2606 tomo
1837 2572 1890 2605 2.⁰

242 2630 291 2665 de
309 2631 345 2665 la
363 2631 537 2665 Historia
555 2631 617 2666 del
638 2632 789 2677 Reyno,
810 2631 877 2666 lib.
902 2641 958 2678 10,
978 2644 1062 2678 cap.
1083 2632 1118 2676 33
1139 2645 1164 2678 y
1183 2632 1368 2667 teniendo
1388 2632 1531 2667 noticia
1550 2633 1586 2666 la
1605 2631 1737 2666 madre
1763 2632 1890 2666 Isabel

241 2690 304 2725 del
324 2690 469 2726 aliento
488 2704 513 2737 y
531 2691 677 2736 alegria
692 2692 740 2725 de
759 2693 815 2726 los
835 2692 1029 2735 soldados,
1050 2693 1098 2727 de
1117 2694 1173 2727 las
1192 2692 1325 2727 fiestas
1349 2705 1374 2738 y
1399 2692 1564 2727 triunfos
1589 2691 1808 2726 aclamados
1827 2687 1893 2725 tan

243 2755 375 2797 presto
393 2762 466 2785 con
486 2752 519 2785 el
540 2751 751 2785 estruendo
770 2751 831 2785 del
852 2755 977 2785 canon
995 2764 1020 2797 y
1039 2752 1087 2786 de
1106 2757 1234 2786 tantas
1254 2753 1398 2795 saluas,
1425 2763 1467 2786 se
1492 2751 1718 2787 entristecio
1738 2751 1893 2795 mueho,

243 2822 269 2855 y
286 2810 391 2844 dixo:
414 2822 553 2855 «agora
572 2810 771 2845 sole-nizan
790 2824 815 2856 y
830 2816 970 2845 cantan
986 2813 1020 2846 la
1036 2812 1182 2857 Fiesta,
1202 2812 1371 2858 despues
1390 2814 1574 2846 cantaram
1593 2812 1649 2845 las
1669 2810 1892 2856 obsequias,

243 2870 304 2904 sin
322 2871 444 2915 llegar
462 2872 483 2904 a
497 2870 707 2915 conseguir
732 2871 767 2904 la
792 2871 1017 2916 Empresa»3
1045 2884 1070 2917 y
1089 2874 1144 2905 asi
1164 2871 1245 2917 fue,
1262 2883 1422 2917 porque,
1443 2870 1646 2918 partiendo
1667 2870 1721 2904 Su
1741 2871 1892 2914 Mages-

243 2929 309 2964 tad
326 2932 348 2964 a
370 2929 410 2963 18
429 2942 454 2975 y
473 2930 654 2975 llegando
672 2932 693 2964 a
711 2930 813 2964 uista
831 2930 879 2964 de
901 2930 1036 2976 Argel,
1073 2944 1115 2966 se
1147 2933 1305 2966 leuanto
1337 2944 1387 2966 un
1419 2937 1484 2966 tan
1503 2930 1663 2966 terrible
1684 2931 1889 2976 temporal‚

243 3001 318 3036 que
336 2990 372 3024 le
392 2989 525 3033 obligo'
543 2992 563 3024 a
584 2989 763 3023 retirarse
783 3001 855 3024 con
874 2991 909 3024 la
930 2990 1113 3037 Armada,
1133 3003 1205 3026 con
1224 2991 1384 3038 perdida
1403 3003 1428 3037 y
1443 2990 1647 3035 naufragio
1665 2989 1712 3024 de
1729 2991 1889 3024 muchos

243 3050 440 3084 vaxeles.»
462 3050 572 3095 MUT,
604 3051 702 3084 Vidn
722 3051 767 3084 de
786 3050 912 3084 Isabel
933 3049 1066 3096 Cisra,
1088 3062 1176 3096 pag.
1202 3060 1279 3085 120.
