2038 3313
277 222 347 258 794
906 212 1044 246 EPIST.
1074 211 1116 245 P.
1146 210 1298 245 NADAL

368 319 407 363 5.
475 309 709 363 Quantam
733 306 1099 363 progressionem
1128 306 1289 350 fecisse
1319 306 1404 349 sibi
1433 306 1641 350 videatur
1668 306 1715 348 in
1743 307 1922 361 studiis,

278 376 322 413 et
345 368 392 410 in
415 367 582 423 quibus
604 367 836 422 majorem.

368 429 409 471 6.
477 428 553 470 An
575 427 632 470 ad
661 427 856 482 aliquem
886 427 1079 483 gradum
1109 434 1344 482 promotus
1367 425 1503 469 fuerit
1531 427 1920 480 baccalaureatus,

277 487 502 539 licentiae,
529 487 779 543 magisterii
802 494 882 529 aut
904 487 1183 529 doctoratus.

369 559 410 601 7.
478 548 554 590 An
577 546 640 589 ita
662 547 721 590 sit
742 546 1006 590 indifferens
1035 546 1081 588 in
1109 545 1271 588 studiis
1299 560 1549 600 eorumque
1577 545 1767 598 ratione,
1805 545 1924 589 sicut

278 607 325 650 in
347 607 559 650 omnibus
582 606 680 649 aliis
702 607 954 663 praeceptis
973 605 1273 650 obedientiae.

370 668 410 710 8.
478 668 584 722 Quo
612 666 670 709 sit
699 666 849 709 animo
879 668 935 710 ad
964 667 1346 723 perseverandum
1380 665 1426 708 in
1456 665 1733 721 quibuslibet
1764 664 1927 708 studiis

279 728 336 770 ab
359 726 614 770 obedientia
639 726 870 769 iniunctis.

370 802 412 844 9.
479 788 555 830 An
577 794 762 842 paratus
779 786 837 829 sit
854 787 1007 830 subire
1024 786 1219 829 docendi
1237 800 1402 828 munus
1421 799 1708 841 quacumque
1725 785 1771 828 in
1792 787 1927 829 scho-

279 847 339 899 la,
373 854 417 891 et
444 846 662 901 quamdiu
700 846 959 890 obedientia
996 845 1301 897 constituerit,
1335 846 1607 888 confidendo
1645 860 1749 888 cum
1777 845 1930 888 divina

280 906 428 963 gratia
455 908 605 949 Deum
643 906 902 963 superiores
938 906 985 948 in
1022 906 1250 959 omnibus,
1292 920 1409 960 quae
1438 905 1775 958 constituerint,
1807 904 1929 948 dire-

283 973 481 1011 cturum.

1028 1088 1178 1130 XXIII

632 1167 1093 1210 INTERROGATIONES
1127 1178 1219 1208 PRo
1253 1178 1515 1208 MAGISTRIS
1548 1165 1575 1207 ¹.

861 1244 995 1285 Para
1019 1243 1082 1285 los
1104 1244 1341 1285 maestros.

384 1342 419 1372 1.
488 1331 593 1385 Que
614 1329 734 1380 leen,
755 1343 784 1383 y
807 1331 979 1383 quanto
1001 1328 1060 1370 ha
1083 1342 1172 1382 que
1194 1326 1312 1370 leen.

375 1401 417 1432 2.
484 1390 627 1433 Como
645 1403 694 1432 se
717 1388 894 1432 sienten
917 1401 975 1429 en
996 1388 1040 1430 lo
1063 1402 1152 1442 que
1174 1387 1277 1431 leen
1300 1386 1579 1430 sufficientes
1607 1391 1634 1430 ό
1651 1388 1931 1443 aprovecha—

288 1450 370 1493 dos
393 1450 450 1494 de
468 1464 556 1505 que
578 1450 696 1492 leen.

485 1510 628 1552 Como
647 1509 817 1551 fuertes
839 1522 868 1563 y
885 1521 1020 1550 sanos
1043 1522 1100 1551 en
1118 1507 1251 1562 aquel
1272 1506 1510 1550 exercicio.

490 1568 539 1613 Si
563 1568 827 1611 fastidiados
849 1583 906 1611 en
925 1568 977 1610 el.

487 1628 535 1673 Si
558 1627 829 1671 debilitados
852 1628 866 1648 ²
891 1642 947 1670 en
972 1628 1014 1670 la
1036 1626 1219 1669 oracion
1241 1642 1323 1683 por
1345 1628 1401 1670 el.

487 1688 536 1733 Si
558 1689 648 1731 dan
671 1687 850 1732 estudio
873 1687 1128 1730 sufficiente
1150 1701 1208 1730 en
1226 1701 1415 1743 preveer
1434 1688 1447 1708 ⁵
1472 1688 1538 1730 las
1555 1687 1790 1730 lectiones.

487 1750 698 1804 Quantos
720 1748 976 1791 escholares
999 1747 1167 1790 tienen.

482 1810 619 1864 Quan
643 1808 999 1864 aprovechados.

379 1883 422 1925 9.
489 1870 627 1924 Quan
649 1867 930 1912 obedientes.

356 1940 423 1970 10.
491 1928 540 1973 Si
558 1943 615 1984 ay
637 1934 766 1971 entre
788 1928 899 1970 ellos
923 1928 1098 1970 buenas
1121 1926 1386 1970 abilidades.

357 2000 372 2029 1
388 2000 424 2030 Ι.
492 1987 541 2032 Si
564 2003 612 2031 es
630 1987 852 2044 diligente
875 2001 932 2029 en
955 1987 1061 2029 leer.

354 2059 420 2089 12.
487 2047 536 2092 Si
560 2047 725 2104 platica
747 2048 805 2091 de
827 2046 996 2103 aplicar
1018 2047 1061 2089 lo
1085 2061 1174 2101 que
1196 2047 1265 2089 lee
1287 2050 1312 2088 a
1330 2061 1462 2089 cosas
1484 2048 1541 2090 de
1563 2046 1768 2091 virtudes
1791 2048 1935 2092 chris—

294 2106 455 2150 tianas.

358 2179 424 2221 13.
492 2167 541 2211 Si
565 2166 687 2211 tiene
709 2181 817 2209 cura
842 2167 898 2210 de
921 2167 963 2209 la
986 2165 1258 2222 disciplina
1245 2182 1273 2211 V
1296 2166 1470 2209 buenas
1488 2169 1775 2212 costumbres
1791 2168 1848 2210 de
1870 2169 1938 2212 los

296 2228 541 2281 oyentes‘ss
567 2242 596 2282 y
620 2241 708 2282 que
730 2241 871 2293 sepan
894 2227 936 2268 la
957 2225 1164 2268 doctrina
1187 2225 1447 2268 christiana.

359 2299 424 2339 14.
491 2261 541 2331 Si
577 2286 676 2329 dize
713 2285 950 2342 opiniones
982 2300 1155 2328 nuevas
1178 2300 1236 2328 no
1259 2284 1482 2328 recibidas
1516 2294 1882 2340 comunemente,
1908 2303 1937 2343 y

293 2345 644 2401 especialmente
667 2362 724 2390 en
747 2346 993 2402 theologia,
1020 2347 1124 2388 item
1148 2360 1205 2389 en
1223 2353 1342 2388 artes
1363 2360 1393 2401 y
1416 2360 1473 2388 en
1496 2361 1550 2389 su
1567 2348 1701 2390 modo
1723 2363 1752 2403 y
1770 2348 1879 2390 todo
1896 2348 1938 2391 el

296 2412 418 2449 resto
442 2407 472 2448 5.

356 2476 422 2519 15.
490 2465 538 2509 Si
561 2464 682 2509 tiene
705 2480 814 2508 cura
837 2479 926 2521 que
944 2479 1107 2509 serven
1124 2466 1191 2507 los
1210 2465 1490 2508 estudiantes
1507 2466 1573 2509 las
1591 2466 1742 2522 reglas
1761 2480 1849 2521 que
1870 2466 1937 2510 les

292 2539 409 2580 pone
431 2525 474 2567 la
493 2526 760 2581 Compafiia,
787 2539 916 2568 como
934 2525 1007 2568 del
1025 2526 1233 2568 confesar
1251 2526 1307 2569 de
1327 2526 1351 2567 8
1370 2540 1427 2568 en
1451 2526 1475 2568 8
1494 2526 1607 2578 dfas,
1628 2527 1684 2568 de
1702 2540 1784 2582 oyr
1800 2525 1938 2568 missa

295 2599 323 2639 y
347 2588 544 2638 sermOn,
577 2592 663 2629 etc.

377 1523 421 1850 φᾙφψθψ

372 2742 379 2761 ¹
432 2740 490 2774 Ex
513 2738 607 2774 Cod.
627 2740 687 2781 16,
709 2741 740 2783 I,
761 2740 828 2775 fol.
849 2743 918 2783 (lv.
940 2740 1040 2775 Vide
1060 2751 1190 2786 supra,
1210 2740 1378 2786 append.
1399 2741 1486 2785 XX,
1506 2745 1639 2776 annot.
1665 2750 1695 2775 I.

369 2790 382 2808 ‘2
434 2786 720 2834 Apographum
739 2789 859 2823 habet
876 2788 1138 2823 debilidados.

370 2836 384 2855 ·‚
436 2834 599 2880 Apogr„
621 2838 806 2881 pro-wer.

435 2882 598 2928 Apogr„
620 2886 790 2928 uyentes.

432 2929 541 2964 Haec
583 2930 840 2976 interrogatio
875 2930 989 2965 lineis
1025 2936 1158 2966 transx
1163 2931 1259 2966 ersis
1294 2931 1511 2966 cancellata
1544 2931 1714 2967 videtur.
1751 2929 1942 2977 Quisnam

301 2982 431 3011 autem
450 2975 555 3011 illam
573 2978 865 3021 cancellaverit,
885 2978 998 3013 nobis
1016 2989 1092 3013 non
1117 2984 1282 3014 constat.
1310 2979 1354 3013 In
1379 2978 1714 3033 responsionibus,
1732 2990 1829 3025 quas
1848 2977 1942 3013 vidi-

305 3035 402 3066 mus,
423 3035 471 3057 ex
490 3025 625 3059 codice
646 3025 687 3060 16
705 3024 936 3071 descriptas,
956 3032 1062 3061 certe
1088 3026 1345 3073 respondetur
1368 3026 1458 3061 huic
1484 3027 1602 3062 etiam
1629 3024 1940 3072 interrogationi,

303 3071 376 3105 sub
394 3070 468 3105 alio
488 3076 618 3107 tamen
637 3085 798 3108 numero
818 3072 983 3119 positae.

369 2929 382 2948 5
