2038 3313
758 221 804 261 30
830 223 986 262 MARTn
1016 232 1121 271 1555λ
1687 232 1753 273 291

110 328 249 371 molto
271 328 429 372 maior'
452 329 743 386 contagione,
770 330 844 372 ch'
869 330 894 372 6
917 343 1023 371 6053
1045 327 1261 372 horribile
1278 328 1430 385 quello
1446 330 1520 371 ch’
1544 330 1574 371 l’
1598 330 1756 373 demo—

111 405 187 449 nio
209 406 374 460 anima,
401 413 446 450 et
470 407 514 450 fa
541 407 762 464 diligente
791 406 939 464 questi
968 405 1120 450 miseri
1147 405 1352 449 huomini
1375 405 1421 448 in
1454 407 1681 451 estender’
1713 408 1756 450 la

111 498 194 526 sua
216 483 408 537 heresia,
435 485 509 527 ch’
534 499 664 529 come
686 484 746 527 mi
768 486 922 527 hanno
944 485 1071 528 detto
1094 498 1200 539 qua,
1226 498 1253 526 o
1275 485 1429 527 hanno
1457 490 1697 540 stampato,
1729 500 1756 528 0

111 568 363 618 513100300,
379 568 498 605 111110
515 563 546 604 l'
566 562 893 606 lutheranismo
911 561 957 604 in
976 575 1116 618 greco
1133 576 1214 618 per
1231 561 1451 604 mandarli
1469 561 1588 606 nelle
1605 561 1755 606 orien-

112 639 201 683 tale
223 645 366 696 parte3
393 646 438 684 et
455 655 599 696 penso
619 647 665 684 et
688 640 806 684 uedo
825 641 899 683 ch’
918 640 1015 683 loro
1032 638 1108 696 93
1129 638 1259 694 quasi
1282 642 1432 696 agunt
1455 639 1756 696 triumphum,

107 717 178 760 col
200 716 411 761 demonio
433 731 533 769 suo,
560 717 679 761 della
701 716 887 770 chiesia,
913 717 1032 761 della
1053 716 1213 769 verita,
1240 717 1286 759 d’
1311 715 1510 760 Christo.
1534 718 1609 760 Ma
1626 717 1656 758 l’
1681 717 1755 762 Si—

107 809 254 851 gnore
274 794 304 836 li
328 795 609 839 confundera
633 794 755 847 tutti,
782 801 828 839 et
850 793 1062 848 aiuttera,
1083 808 1213 838 come
1235 809 1429 850 sempre,
1456 801 1502 839 et
1524 809 1656 851 spero
1679 796 1754 838 ch’

107 873 185 916 un'
230 874 362 929 gran'
406 887 563 916 mezzo
605 887 685 928 per
722 872 765 915 13
802 871 1109 929 Compagnia,
1151 878 1197 916 et
1234 872 1328 915 cosi
1366 878 1631 928 represento
1668 873 1755 916 alla

109 951 166 994 V.
196 952 248 993 P.
277 950 428 1005 quello
450 951 524 993 ch'
549 964 691 1006 penso
713 951 852 994 esser’
884 948 994 994 utile
1016 964 1097 1012 per
1119 949 1149 992 11
1171 949 1358 994 seruitio
1386 949 1559 1002 diuino,
1591 949 1756 1006 pigliar

106 1027 285 1084 collegij
305 1027 352 1070 in
370 1034 531 1084 questa
547 1027 795 1072 Germania
812 1042 891 1084 per
909 1027 995 1070 alla
1011 1027 1312 1084 Compagnia,
1334 1027 1469 1070 etiam
1493 1027 1530 1070 si
1554 1027 1601 1070 in
1623 1028 1753 1083 qual-

107 1104 302 1161 siuoglia
323 1105 368 1147 di
390 1106 486 1148 loro
503 1120 596 1148 non
614 1104 651 1147 si
668 1106 916 1149 hauessero
931 1105 977 1147 d’
1003 1104 1255 1149 alimentar’
1280 1105 1319 1148 s’
1338 1119 1430 1148 non
1453 1105 1593 1148 molto
1609 1119 1753 1161 pogc-

106 1181 179 1224 chi
202 1183 248 1224 d’
272 1182 432 1235 nostri,
458 1197 543 1226 con
567 1183 641 1225 ch’
664 1182 707 1225 la
730 1182 1015 1238 Compagnia
1042 1182 1225 1227 hauessi
1255 1182 1679 1239 superintendentia
1707 1190 1753 1227 et

103 1274 310 1316 gouerno
334 1260 472 1304 totale
494 1259 540 1303 di
562 1259 711 1315 questi
734 1259 932 1316 collegij,
958 1274 1044 1316 pur
1065 1261 1140 1303 ch'
1165 1275 1257 1303 non
1275 1260 1311 1303 si
1330 1259 1573 1304 admetessi
1591 1260 1751 1303 condi-

100 1337 223 1382 tione
245 1337 469 1382 contraria
492 1353 518 1381 a
540 1337 614 1380 noi
636 1353 717 1394 per
734 1338 764 1380 li
782 1337 940 1390 nostri,
962 1353 1020 1383 ne
1036 1353 1143 1381 cosa
1161 1339 1234 1381 ch’
1254 1337 1525 1394 repugnassi
1544 1352 1569 1380 a
1587 1337 1751 1382 diuen-

99 1416 183 1458 tar’
208 1416 253 1458 d'
279 1417 417 1459 esser’
442 1416 473 1457 l’
498 1415 691 1471 collegio
713 1416 831 1460 della
855 1415 1155 1472 Compagnia.
1184 1417 1240 1458 Et
1270 1414 1330 1457 mi
1358 1416 1455 1471 par'
1485 1417 1559 1458 ch’
1585 1415 1622 1458 si
1656 1431 1750 1459 non

98 1494 212 1536 altro
235 1508 314 1549 per
336 1493 497 1537 adesso
521 1494 592 1536 ch'
618 1492 660 1535 io
683 1492 889 1549 01913161
913 1492 1092 1555 601169]
1119 1493 1164 1535 10
1188 1492 1435 1537 Germania
1454 1508 1533 1549 per
1549 1493 1592 1536 13
1610 1494 1749 1537 Com-

97 1570 278 1627 pagnia,
303 1570 341 1614 si
366 1571 484 1615 fosse
508 1572 586 1613 un’
612 1571 708 1613 solo
725 1572 799 1613 ch'
823 1570 854 1612 11
872 1570 1159 1626 gouernassi,
1180 1585 1260 1627 per
1283 1571 1356 1613 ch’
1377 1570 1499 1627 dipoi
1522 1586 1654 1628 spero
1673 1573 1747 1614 ch’

99 1654 218 1691 tutto
240 1647 278 1691 si
302 1648 488 1693 farebbe
511 1663 639 1692 come
667 1648 710 1691 13
740 1648 1025 1704 Compagnia
1053 1647 1282 1701 desidera,
1320 1655 1406 1692 etc.
1442 1649 1507 1692 La
1537 1663 1675 1693 causa
1703 1650 1748 1692 di

93 1733 278 1782 questo,
304 1727 502 1771 secondo
525 1727 598 1769 ch'
622 1726 652 1768 l’
677 1725 866 1770 intendo
889 1740 999 1781 qua,
1027 1733 1072 1770 et
1094 1726 1168 1770 del
1190 1725 1421 1770 cardinale
1442 1726 1486 1768 d’
1512 1727 1744 1783 Augusta,

101 1811 147 1848 et
162 1805 235 1848 del
249 1805 496 1848 confessor’
512 1804 585 1848 del
602 1803 900 1860 imperadore,
918 1801 974 1863 [e]
989 1805 1061 1846 ch’
1078 1803 1324 1860 refuggino
1338 1803 1368 1845 li
1382 1803 1573 1860 principi
1587 1806 1746 1847 631110-

97 1881 171 1924 lici
194 1882 261 1925 far
283 1881 461 1938 601169]
486 1882 604 1926 (16113
627 1880 913 1937 Compagnia
935 1896 1016 1937 per
1039 1880 1114 1923 noi
1132 1880 1232 1934 soli,
1259 1888 1305 1925 et
1327 1895 1468 1937 penso
1491 1882 1563 1923 ch’
1585 1889 1745 1937 questa

97 1959 309 2015 opinione
331 1959 498 2002 habbia
520 1958 748 2015 agiuttato
770 1958 800 2001 il
823 1959 1102 2010 confessore,
1129 1965 1174 2002 et
1206 1958 1476 2003 altramente
1507 1959 1550 2001 la
1582 1966 1744 2002 natura

97 2036 202 2081 delli
221 2036 424 2081 todeschi
441 2038 466 2080 6
483 2037 540 2081 (16
558 2051 649 2079 000
666 2035 1021 2080 accommodarsi
1041 2035 1298 2080 facilmente
1321 2051 1346 2078 a
1365 2042 1489 2078 tanta
1505 2035 1744 2079 distrittio-

97 2130 155 2159 ne
171 2115 217 2157 d’
237 2114 395 2159 uiuere
412 2117 528 2158 com’
548 2115 573 2158 6
592 2115 633 2158 13
652 2121 822 2168 005113,
844 2113 881 2157 51
899 2128 991 2157 000
1008 2128 1123 2170 0060
1140 2129 1166 2157 3
1183 2128 1298 2170 0060
1313 2113 1421 2170 ogni
1439 2128 1562 2168 cosa,
1577 2121 1622 2158 et
1639 2129 1742 2170 spe—

93 2192 334 2237 cialmente
355 2191 401 2234 in
425 2192 573 2248 questi
597 2192 752 2248 tempi,
773 2191 880 2236 nelli
898 2191 1019 2248 quali
1037 2191 1166 2247 quasi
1191 2191 1296 2234 tutti
1314 2191 1345 2233 li
1370 2191 1574 2235 todeschi
1591 2193 1743 2235 hanno

95 2285 123 2313 0
145 2269 385 2314 3116151006
408 2285 435 2313 0
458 2284 571 2326 0063
594 2269 888 2314 inclinatione
912 2284 991 2326 per
1014 2269 1121 2312 farsi
1144 2268 1360 2325 religiosi.
1389 2270 1446 2312 V.
1475 2270 1527 2312 P.
1555 2269 1615 2312 mi
1638 2284 1742 2326 per-

97 2347 202 2391 doni
220 2362 269 2392 56
291 2347 337 2390 10
360 2354 523 2403 questo
545 2349 620 2390 ch’
644 2349 703 2390 ho
721 2348 848 2391 detto
870 2348 930 2389 ho
949 2347 1062 2390 fatto
1079 2361 1264 2391 6666550
1282 2347 1356 2391 1161
1373 2346 1463 2390 1010
1480 2350 1746 2404 01000061’.’

98 2426 131 2468 11
149 2425 345 2482 Signore
361 2425 405 2468 lo
423 2425 551 2481 guidi
571 2431 691 2468 tutto
708 2440 788 2481 per
804 2424 1030 2481 maggior'
1051 2424 1196 2480 gloria
1213 2424 1258 2467 di
1276 2439 1359 2468 sua
1376 2424 1533 2468 diuina
1549 2427 1737 2470 Maesta.

193 2515 259 2546 12.
326 2504 387 2555 10,
414 2502 614 2547 56600(10
642 2502 672 2544 11
701 2517 860 2559 031616
889 2502 963 2546 (161
993 2504 1085 2545 M.0
1118 2503 1325 2557 LayneZ,
1349 2509 1394 2546 et
1423 2502 1638 2546 instantia
1668 2503 1741 2547 del

96 2582 224 2624 Rmo.
250 2581 507 2632 labacense,
529 2587 650 2624 resto
674 2580 737 2622 fin
760 2595 786 2623 a
808 2581 977 2636 pascha
1000 2594 1104 2635 qua,
1131 2586 1176 2623 et
1199 2579 1320 2635 dipoi
1343 2580 1512 2624 andaro
1536 2595 1562 2623 a
1584 2580 1742 2623 uisitar

96 2658 126 2700 il
148 2658 343 2715 collegio
365 2657 410 2701 di
432 2657 620 2714 Dilinga
642 2658 848 2714 segondo
877 2658 908 2699 l’
939 2657 1098 2701 ordine
1120 2657 1194 2701 del
1222 2657 1364 2700 Illmo.
1396 2664 1671 2714 augustano,
1697 2665 1742 2702 et

94 2750 235 2791 penso
256 2751 349 2779 non
371 2742 465 2778 star
486 2735 534 2778 in
556 2734 744 2790 Dilinga
766 2734 845 2791 piu
867 2734 917 2778 di
928 2736 961 2777 28
995 2734 1160 2791 90101,
1187 2749 1216 2790 y
1238 2733 1360 2790 dipoi
1390 2735 1559 2778 andaro
1582 2750 1668 2778 con
1699 2736 1741 2778 la

96 2812 242 2868 gratia
263 2813 336 2857 del
360 2813 529 2869 Signor
550 2811 596 2854 in
620 2811 821 2865 Vienna,
853 2812 974 2856 doue
1002 2827 1095 2855 non
1123 2826 1265 2868 penso
1295 2818 1388 2855 star
1416 2811 1493 2867 piu
1516 2812 1560 2854 di
1590 2813 1741 2868 quello

96 2904 185 2946 que
206 2890 410 2934 iudicato
434 2905 557 2933 esser
575 2889 832 2933 necessario
850 2904 928 2945 per
946 2889 977 2932 il
995 2896 1151 2932 nostro
1169 2889 1363 2945 collegio
1381 2896 1425 2932 et
1443 2889 1544 2932 altri
1562 2879 1739 2946 negocij

98 2968 264 3024 010011]
290 2969 347 3012 (16
369 2969 412 3011 13
436 2966 736 3023 Compagnia,
763 2974 809 3010 et
831 2982 924 3010 non
946 2967 1160 3011 hauendo
1182 2967 1297 3010 altro
1320 2967 1494 3019 ordine,
1517 2967 1745 3011 6310111310

96 3060 232 3090 verso
260 3048 418 3090 Roma.
