2038 3313
653 210 802 245 MENSE
828 208 1023 246 OCTOBRi
1053 209 1141 254 1561
1659 217 1728 253 545

167 314 242 356 Ad
263 313 426 356 calcem
442 313 627 369 primae
642 313 865 369 paginae,
889 312 1054 354 Patris
1077 311 1234 354 Nadal
1261 324 1420 353 manu:
1442 311 1501 354 N.
1529 312 1583 355 P.

175 426 419 482 Inscriptio
446 426 497 469 in
524 428 691 482 quarta
713 426 916 482 pagina:
945 388 1034 467 Itis.
1077 424 1139 467 Al
1170 438 1280 479 muy
1309 423 1424 466 Rdo.
1457 437 1516 466 en
1544 422 1730 467 Christo

85 505 232 547 Padre
254 510 458 556 nuestro,
483 504 525 545 el
547 504 601 546 P.
637 504 748 546 M.r0
784 503 989 558 Laynez,
1021 501 1209 557 general
1236 501 1294 543 de
1321 501 1365 543 la
1395 501 1647 556 Compafiia
1673 501 1732 542 de

78 583 231 639 Jesus.
264 582 409 624 Paris.

172 659 281 702 Alia
301 673 460 701 manu:
487 658 614 713 1561.
641 657 814 701 Alcala.
844 658 926 700 Re
952 656 1115 699 Nadal.
1144 667 1200 712 29
1222 655 1268 698 di
1290 654 1449 711 Aprile
1476 653 1586 714 [sic].

182 736 434 793 Vestigium
457 749 586 778 cerae
609 735 778 777 rubrae
798 734 963 791 sigilli.

850 993 963 1034 152}

528 1097 686 1134 DNUS.
714 1095 993 1133 RUIGOMEZ
1022 1096 1093 1130 DE
1120 1095 1279 1130 SILVA

340 1195 589 1237 PATRI
643 1193 1143 1237 HIERONYMO
1197 1191 1480 1235 NADAL

418 1300 650 1358 Compluti
672 1302 735 1358 (?)‚
761 1314 919 1343 mense
942 1299 1135 1344 Octobri
1160 1300 1206 1356 (?)
1237 1299 1344 1354 1561
1375 1301 1405 1341 ¹.

82 1432 115 1457 Ι.
137 1422 363 1469 Epislolam
391 1421 531 1456 Patris
555 1420 706 1462 Nadal,
732 1432 813 1466 qua
839 1421 1007 1455 Patrem
1034 1419 1168 1454 Araoz
1194 1417 1455 1466 Complutum
1481 1419 1732 1462 convocabat,

151 1482 326 1527 seipsum
353 1480 569 1516 Matritum
588 1481 956 1528 perlaturum.—-2.
984 1479 1033 1514 Se
1062 1481 1306 1513 curaturum
1332 1479 1496 1526 negotia
1528 1479 1737 1514 Societatis

155 1542 266 1589 apud
284 1541 446 1588 regimn
464 1543 665 1582 senatum,
686 1541 783 1574 dum
804 1540 891 1574 PP.
919 1538 1056 1574 Nadal
1081 1541 1117 1573 et
1144 1539 1278 1573 Araoz
1307 1537 1516 1585 Compluti
1546 1539 1593 1574 de
1619 1539 1736 1574 rebus

155 1602 314 1637 intimis
332 1602 440 1636 inter
455 1612 495 1636 se
518 1600 811 1646 colloquentur.

837 1700 968 1795 jhiis.

177 1856 289 1910 Muy
311 1853 427 1896 Rdo.
460 1853 621 1897 Sefior.

182 1944 218 1974 1.
284 1932 355 1974 Yo
377 1933 480 1973 auia
502 1930 559 1972 de
581 1928 753 1972 embiar
776 1936 874 1971 esta
897 1935 1021 1972 carta
1043 1929 1100 1970 de
1130 1929 1187 1971 V.
1222 1930 1273 1970 Ρ.
1305 1942 1414 1983 para
1435 1928 1477 1971 61
1504 1930 1556 1971 Ρ.
1585 1929 1738 1971 Araoz

84 2024 172 2052 con
192 2023 255 2051 vn
277 2022 450 2059 correo,
476 2022 505 2063 y
527 2006 828 2049 considerado
850 2006 892 2051 el
916 2005 1085 2061 tiempo
1110 2019 1199 2061 que
1222 2005 1264 2047 61
1297 2018 1453 2047 correo
1487 2008 1648 2060 pornia
1680 2019 1739 2047 en

158 2197 167 2216 ¹
219 2194 278 2229 Ex
296 2197 556 2238 transumpto,
576 2204 598 2227 a
616 2191 796 2237 Jimenez
815 2196 990 2236 exarato,
1011 2190 1050 2225 in
1070 2189 1190 2237 Hisp.
1210 2190 1341 2237 Epist.
1362 2189 1469 2234 1561,
1491 2190 1569 2232 III,
1590 2190 1738 2236 duplici

84 2255 169 2300 fol„
194 2265 272 2289 non
298 2257 516 2295 numerato,
543 2263 590 2286 eo
613 2251 730 2298 quod,
755 2256 987 2297 consumpta
1011 2251 1166 2295 charta,
1192 2261 1379 2284 numerus
1406 2249 1524 2285 etiam
1551 2261 1600 2285 ex
1627 2255 1739 2296 parte

87 2313 261 2350 evanuit.
282 2311 482 2358 Suspicari
499 2311 592 2346 licet
614 2312 688 2346 hoc
706 2310 843 2345 folium
868 2320 1031 2344 numero
1055 2319 1125 2354 440
1149 2309 1346 2356 quondam
1372 2309 1571 2354 signatum
1597 2309 1737 2354 fuisse,

85 2379 168 2409 tum
187 2385 236 2408 ex
255 2372 295 2408 ff.
316 2371 660 2419 praecedentibus,
685 2375 768 2405 tum
794 2382 843 2404 ex
868 2382 906 2404 n.
927 2380 963 2414 4,
983 2369 1049 2416 qui
1074 2369 1200 2404 adhuc
1224 2369 1264 2404 in
1289 2374 1465 2404 extrema
1490 2380 1555 2403 ora
1580 2370 1740 2404 chartae

85 2439 146 2469 sat
162 2435 267 2468 clare
285 2431 538 2478 conspicitur.
559 2432 604 2466 In
623 2430 814 2477 superiori
833 2442 898 2464 ora
918 2429 1066 2476 primae
1086 2429 1267 2476 paginae,
1288 2441 1405 2464 manu
1424 2430 1468 2463 Ρ.
1486 2429 1626 2476 Nadal,
1642 2430 1739 2464 haec

85 2493 230 2539 scripta
247 2493 454 2527 habentur:
475 2494 584 2537 para
608 2492 679 2534 mi,
704 2490 769 2524 sin
794 2489 1217 2524 sobrescrito.—Manu
1243 2494 1374 2523 autem
1400 2487 1532 2523 fratris
1558 2489 1738 2534 Jimenez

84 2557 312 2588 annotatum
332 2556 392 2586 est
409 2551 449 2585 in
468 2550 657 2595 margine:
688 2548 827 2595 Copia.
855 2548 1048 2594 Quamvis
1073 2548 1140 2582 ubi
1167 2549 1264 2583 haec
1290 2548 1457 2594 epistola
1481 2547 1572 2582 data
1597 2548 1648 2583 sit
1671 2559 1738 2583 ex-

84 2624 218 2659 presse
236 2623 314 2647 non
332 2615 501 2653 constet,
522 2622 607 2645 eam
626 2615 759 2644 tamen
783 2608 983 2655 Compluti
1009 2608 1139 2642 datam
1164 2608 1376 2652 credimus,
1403 2620 1452 2642 ex
1477 2607 1587 2642 hisce
1612 2607 1737 2654 ipsius

82 2672 272 2719 epistolae
292 2671 437 2705 verbis:
460 2669 516 2704 «Y
532 2680 629 2715 pues
644 2667 829 2703 viniendo
845 2669 879 2702 el
897 2668 940 2702 Ρ.
959 2667 1086 2702 Araoz
1100 2669 1229 2714 aqui.»
1247 2668 1321 2701 Per
1336 2668 1436 2701 hanc
1451 2672 1582 2701 autem
1599 2677 1737 2701 vocem

82 2734 179 2778 aqui
197 2729 355 2766 nonnisi
373 2730 626 2775 Complutum
644 2727 814 2773 intelligi
833 2732 977 2774 potest,
998 2727 1066 2762 ubi
1085 2728 1128 2761 P.
1149 2726 1273 2761 Nadal
1299 2727 1397 2761 haec
1422 2726 1552 2761 omnia
1576 2726 1738 2772 negotia

83 2802 172 2827 cum
196 2791 240 2826 P.
268 2791 407 2833 Aram,
432 2789 666 2833 Ruigomez,
693 2792 733 2822 et
758 2786 865 2831 aliis,
891 2786 1094 2821 mensibus
1126 2785 1306 2831 Octobri,
1339 2791 1378 2820 et
1410 2785 1627 2820 Novembri
1652 2797 1738 2831 per-

83 2850 280 2886 tractavit.
308 2849 409 2884 Vide
434 2847 549 2893 infra,
574 2847 690 2895 epist.
720 2846 801 2891 156,
827 2846 990 2881 Natalis
1015 2846 1246 2892 Ephemer.,
1267 2850 1307 2879 et
1327 2845 1442 2891 epist.
1470 2844 1665 2891 Jimenez,
1693 2844 1739 2878 23

86 2911 203 2945 Febr.
228 2908 320 2945 anni
350 2908 440 2952 1562
464 2907 609 2942 datam.
637 2907 682 2941 In
713 2905 885 2940 secunda
912 2904 1054 2951 pagina
1084 2904 1199 2950 hujus
1229 2904 1312 2938 folii
1337 2909 1446 2939 extat
1471 2905 1738 2951 apographum

89 2969 279 3016 epistolae
297 2968 345 3003 ad
363 2968 406 3002 P.
428 2965 644 3002 Antonium
662 2965 711 3000 de
730 2964 911 3001 Cordoba
925 2965 974 2998 ab
989 2963 1074 3010 ipso
1090 2964 1192 2998 Dno.
1209 2963 1428 3008 Ruigomez
1443 2963 1557 2999 datae
1578 2962 1737 3008 Maesti,

86 3028 173 3064 sine
192 3028 256 3063 die
274 3039 402 3074 neque
422 3036 577 3070 mense3
598 3024 854 3072 probabiliter
878 3029 1010 3059 autem
1034 3035 1170 3058 mense
1190 3022 1354 3060 Octobri
1373 3022 1462 3058 data
1487 3022 1576 3069 fuit,
1600 3028 1642 3058 ut
1660 3024 1739 3058 col—

233 3099 350 3127 Ems'r.
372 3098 406 3126 P.
429 3097 564 3130 NADAL,
585 3103 662 3124 τοΜ.
682 3095 708 3126 1.
1484 3094 1522 3122 35
