<?xml version="1.0" encoding="UTF-8"?>
<!DOCTYPE html PUBLIC "-//W3C//DTD XHTML 1.0 Transitional//EN"
    "http://www.w3.org/TR/xhtml1/DTD/xhtml1-transitional.dtd">
<html xmlns="http://www.w3.org/1999/xhtml" xml:lang="en" lang="en">
 <head>
  <title>
</title>
<meta http-equiv="Content-Type" content="text/html;charset=utf-8" />
  <meta name='ocr-system' content='tesseract 3.04.00' />
  <meta name='ocr-capabilities' content='ocr_page ocr_carea ocr_par ocr_line ocrx_word'/>
</head>
<body>
  <div class='ocr_page' id='page_1' title='image "./epistolaephieron08nada_0884.png"; bbox 0 0 2038 3313; ppageno 0'>
   <div class='ocr_carea' id='block_1_1' title="bbox 276 247 1294 287">
    <p class='ocr_par' dir='ltr' id='par_1_1' title="bbox 276 247 1294 287">
     <span class='ocr_line' id='line_1_1' title="bbox 276 247 1294 287; baseline -0.005 0"><span class='ocrx_word' id='word_1_1' title='bbox 276 251 343 287; x_wconf 84' lang='lat'><strong>806</strong></span> <span class='ocrx_word' id='word_1_2' title='bbox 904 249 1041 283; x_wconf 86' lang='lat' dir='ltr'><strong>EPIST.</strong></span> <span class='ocrx_word' id='word_1_3' title='bbox 1070 247 1114 282; x_wconf 89' lang='lat' dir='ltr'><strong>P.</strong></span> <span class='ocrx_word' id='word_1_4' title='bbox 1143 247 1179 282; x_wconf 94' lang='lat' dir='ltr'>N</span> <span class='ocrx_word' id='word_1_5' title='bbox 1182 256 1294 283; x_wconf 82' lang='lat' dir='ltr'>ADAL</span> 
     </span>
    </p>
   </div>
   <div class='ocr_carea' id='block_1_2' title="bbox 274 341 1954 3148">
    <p class='ocr_par' dir='ltr' id='par_1_2' title="bbox 275 341 1922 572">
     <span class='ocr_line' id='line_1_2' title="bbox 275 341 1922 401; baseline -0.004 -10"><span class='ocrx_word' id='word_1_6' title='bbox 275 351 388 391; x_wconf 85' lang='lat' dir='ltr'><strong>bens</strong></span> <span class='ocrx_word' id='word_1_7' title='bbox 411 348 467 390; x_wconf 87' lang='lat' dir='ltr'><strong>ad</strong></span> <span class='ocrx_word' id='word_1_8' title='bbox 491 348 650 391; x_wconf 82' lang='lat' dir='ltr'><strong>fratres</strong></span> <span class='ocrx_word' id='word_1_9' title='bbox 673 353 718 390; x_wconf 90' lang='lat' dir='ltr'><strong>et</strong></span> <span class='ocrx_word' id='word_1_10' title='bbox 743 349 902 390; x_wconf 85' lang='lat' dir='ltr'><strong>Patres</strong></span> <span class='ocrx_word' id='word_1_11' title='bbox 924 344 1234 401; x_wconf 89' lang='lat' dir='ltr'><strong>promulgauit</strong></span> <span class='ocrx_word' id='word_1_12' title='bbox 1258 347 1394 388; x_wconf 89' lang='lat' dir='ltr'><strong>Pater</strong></span> <span class='ocrx_word' id='word_1_13' title='bbox 1417 344 1581 397; x_wconf 90' lang='lat' dir='ltr'><strong>Miron,</strong></span> <span class='ocrx_word' id='word_1_14' title='bbox 1607 350 1654 387; x_wconf 90' lang='lat' dir='ltr'><strong>et</strong></span> <span class='ocrx_word' id='word_1_15' title='bbox 1681 342 1762 400; x_wconf 82' lang='lat' dir='ltr'><strong>figi</strong></span> <span class='ocrx_word' id='word_1_16' title='bbox 1790 341 1922 386; x_wconf 89' lang='lat' dir='ltr'><strong>iussit</strong></span> 
     </span>
     <span class='ocr_line' id='line_1_3' title="bbox 276 402 1916 462; baseline -0.004 -11"><span class='ocrx_word' id='word_1_17' title='bbox 276 407 411 451; x_wconf 86' lang='lat' dir='ltr'><strong>variis</strong></span> <span class='ocrx_word' id='word_1_18' title='bbox 434 407 480 449; x_wconf 90' lang='lat' dir='ltr'><strong>in</strong></span> <span class='ocrx_word' id='word_1_19' title='bbox 504 405 684 462; x_wconf 90' lang='lat' dir='ltr'><strong>collegii</strong></span> <span class='ocrx_word' id='word_1_20' title='bbox 706 405 844 449; x_wconf 92' lang='lat' dir='ltr'><strong>huius</strong></span> <span class='ocrx_word' id='word_1_21' title='bbox 867 404 1087 462; x_wconf 87' lang='lat' dir='ltr'><strong>partibus,</strong></span> <span class='ocrx_word' id='word_1_22' title='bbox 1114 411 1164 446; x_wconf 89' lang='lat' dir='ltr'><strong>ut</strong></span> <span class='ocrx_word' id='word_1_23' title='bbox 1189 404 1365 447; x_wconf 79' lang='lat' dir='ltr'>facilius</span> <span class='ocrx_word' id='word_1_24' title='bbox 1388 404 1581 460; x_wconf 89' lang='lat' dir='ltr'><strong>quisque</strong></span> <span class='ocrx_word' id='word_1_25' title='bbox 1597 410 1643 447; x_wconf 93' lang='lat' dir='ltr'><strong>et</strong></span> <span class='ocrx_word' id='word_1_26' title='bbox 1659 402 1916 447; x_wconf 85' lang='lat' dir='ltr'><strong>considera-</strong></span> 
     </span>
     <span class='ocr_line' id='line_1_4' title="bbox 276 463 1919 522; baseline -0.004 -11"><span class='ocrx_word' id='word_1_27' title='bbox 276 468 366 511; x_wconf 90' lang='lat' dir='ltr'><strong>tius</strong></span> <span class='ocrx_word' id='word_1_28' title='bbox 389 482 542 511; x_wconf 87' lang='lat' dir='ltr'><strong>earum</strong></span> <span class='ocrx_word' id='word_1_29' title='bbox 567 466 803 522; x_wconf 67' lang='lat' dir='ltr'><strong>epularum</strong></span> <span class='ocrx_word' id='word_1_30' title='bbox 821 465 990 508; x_wconf 88' lang='lat' dir='ltr'><strong>habere</strong></span> <span class='ocrx_word' id='word_1_31' title='bbox 1007 465 1234 507; x_wconf 89' lang='lat' dir='ltr'><strong>delectum</strong></span> <span class='ocrx_word' id='word_1_32' title='bbox 1252 472 1421 520; x_wconf 87' lang='lat' dir='ltr'><strong>posset,</strong></span> <span class='ocrx_word' id='word_1_33' title='bbox 1443 465 1480 507; x_wconf 89' lang='lat' dir='ltr'><strong>si</strong></span> <span class='ocrx_word' id='word_1_34' title='bbox 1498 479 1614 519; x_wconf 91' lang='lat' dir='ltr'><strong>quae</strong></span> <span class='ocrx_word' id='word_1_35' title='bbox 1631 463 1777 519; x_wconf 91' lang='lat' dir='ltr'><strong>magis</strong></span> <span class='ocrx_word' id='word_1_36' title='bbox 1796 463 1919 505; x_wconf 88' lang='lat' dir='ltr'><strong>face-</strong></span> 
     </span>
     <span class='ocr_line' id='line_1_5' title="bbox 276 527 783 572; baseline -0.006 -2"><span class='ocrx_word' id='word_1_37' title='bbox 276 534 377 572; x_wconf 90' lang='lat' dir='ltr'><strong>rent</strong></span> <span class='ocrx_word' id='word_1_38' title='bbox 402 527 458 569; x_wconf 92' lang='lat' dir='ltr'><strong>ad</strong></span> <span class='ocrx_word' id='word_1_39' title='bbox 481 527 783 569; x_wconf 87' lang='lat' dir='ltr'><strong>stomachum.</strong></span> 
     </span>
    </p>

    <p class='ocr_par' dir='ltr' id='par_1_3' title="bbox 274 583 1921 1418">
     <span class='ocr_line' id='line_1_6' title="bbox 363 583 1916 641; baseline -0.003 -12"><span class='ocrx_word' id='word_1_40' title='bbox 363 587 485 630; x_wconf 93' lang='lat' dir='ltr'><strong>Hinc</strong></span> <span class='ocrx_word' id='word_1_41' title='bbox 507 592 684 629; x_wconf 88' lang='lat' dir='ltr'><strong>tantum</strong></span> <span class='ocrx_word' id='word_1_42' title='bbox 707 584 907 641; x_wconf 88' lang='lat' dir='ltr'><strong>peruasit</strong></span> <span class='ocrx_word' id='word_1_43' title='bbox 935 584 1098 626; x_wconf 84' lang='lat' dir='ltr'><strong>fratres</strong></span> <span class='ocrx_word' id='word_1_44' title='bbox 1126 597 1285 626; x_wconf 89' lang='lat' dir='ltr'><strong>omnes</strong></span> <span class='ocrx_word' id='word_1_45' title='bbox 1314 583 1532 635; x_wconf 90' lang='lat' dir='ltr'><strong>studium,</strong></span> <span class='ocrx_word' id='word_1_46' title='bbox 1567 589 1784 637; x_wconf 90' lang='lat' dir='ltr'><strong>tantaque</strong></span> <span class='ocrx_word' id='word_1_47' title='bbox 1812 596 1916 638; x_wconf 91' lang='lat' dir='ltr'><strong>pro-</strong></span> 
     </span>
     <span class='ocr_line' id='line_1_7' title="bbox 277 642 1918 700; baseline -0.003 -11"><span class='ocrx_word' id='word_1_48' title='bbox 277 647 423 689; x_wconf 88' lang='lat' dir='ltr'><strong>fectus</strong></span> <span class='ocrx_word' id='word_1_49' title='bbox 439 646 509 689; x_wconf 93' lang='lat' dir='ltr'><strong>sui</strong></span> <span class='ocrx_word' id='word_1_50' title='bbox 528 644 825 688; x_wconf 83' lang='lat' dir='ltr'><strong>inflammauit</strong></span> <span class='ocrx_word' id='word_1_51' title='bbox 843 643 1085 700; x_wconf 81' lang='lat' dir='ltr'>cupiditas,</span> <span class='ocrx_word' id='word_1_52' title='bbox 1100 649 1151 684; x_wconf 93' lang='lat' dir='ltr'><strong>ut</strong></span> <span class='ocrx_word' id='word_1_53' title='bbox 1169 657 1327 686; x_wconf 90' lang='lat' dir='ltr'><strong>omnes</strong></span> <span class='ocrx_word' id='word_1_54' title='bbox 1346 642 1495 685; x_wconf 90' lang='lat' dir='ltr'><strong>omnia</strong></span> <span class='ocrx_word' id='word_1_55' title='bbox 1514 644 1779 685; x_wconf 77' lang='lat' dir='ltr'><strong>affectarent</strong></span> <span class='ocrx_word' id='word_1_56' title='bbox 1797 656 1918 684; x_wconf 88' lang='lat' dir='ltr'><strong>mor—</strong></span> 
     </span>
     <span class='ocr_line' id='line_1_8' title="bbox 276 700 1919 761; baseline -0.003 -13"><span class='ocrx_word' id='word_1_57' title='bbox 276 705 575 748; x_wconf 87' lang='lat' dir='ltr'><strong>tificationum</strong></span> <span class='ocrx_word' id='word_1_58' title='bbox 599 720 770 761; x_wconf 86' lang='lat' dir='ltr'><strong>genera</strong></span> <span class='ocrx_word' id='word_1_59' title='bbox 792 704 1025 758; x_wconf 88' lang='lat' dir='ltr'><strong>maiorque</strong></span> <span class='ocrx_word' id='word_1_60' title='bbox 1049 702 1184 745; x_wconf 87' lang='lat' dir='ltr'><strong>fuerit</strong></span> <span class='ocrx_word' id='word_1_61' title='bbox 1207 702 1251 744; x_wconf 93' lang='lat' dir='ltr'><strong>in</strong></span> <span class='ocrx_word' id='word_1_62' title='bbox 1275 703 1561 759; x_wconf 89' lang='lat' dir='ltr'><strong>reprimendo</strong></span> <span class='ocrx_word' id='word_1_63' title='bbox 1577 717 1713 757; x_wconf 90' lang='lat' dir='ltr'><strong>quam</strong></span> <span class='ocrx_word' id='word_1_64' title='bbox 1731 701 1778 743; x_wconf 92' lang='lat' dir='ltr'><strong>in</strong></span> <span class='ocrx_word' id='word_1_65' title='bbox 1795 700 1919 744; x_wconf 84' lang='lat' dir='ltr'><strong>exci—</strong></span> 
     </span>
     <span class='ocr_line' id='line_1_9' title="bbox 276 761 1919 818; baseline -0.004 -10"><span class='ocrx_word' id='word_1_66' title='bbox 276 767 413 808; x_wconf 87' lang='lat' dir='ltr'><strong>tando</strong></span> <span class='ocrx_word' id='word_1_67' title='bbox 435 766 576 808; x_wconf 91' lang='lat' dir='ltr'><strong>labor.</strong></span> <span class='ocrx_word' id='word_1_68' title='bbox 604 764 764 807; x_wconf 85' lang='lat' dir='ltr'><strong>Extitit</strong></span> <span class='ocrx_word' id='word_1_69' title='bbox 787 770 911 808; x_wconf 91' lang='lat' dir='ltr'><strong>certe</strong></span> <span class='ocrx_word' id='word_1_70' title='bbox 932 765 1019 806; x_wconf 92' lang='lat' dir='ltr'><strong>hoc</strong></span> <span class='ocrx_word' id='word_1_71' title='bbox 1042 762 1339 805; x_wconf 88' lang='lat' dir='ltr'><strong>laetissimum</strong></span> <span class='ocrx_word' id='word_1_72' title='bbox 1368 762 1580 806; x_wconf 89' lang='lat' dir='ltr'><strong>omnibus</strong></span> <span class='ocrx_word' id='word_1_73' title='bbox 1607 761 1919 818; x_wconf 77' lang='lat' dir='ltr'>spectaculum</span> 
     </span>
     <span class='ocr_line' id='line_1_10' title="bbox 276 821 1920 878; baseline -0.003 -10"><span class='ocrx_word' id='word_1_74' title='bbox 276 825 538 868; x_wconf 89' lang='lat' dir='ltr'><strong>uidentibus</strong></span> <span class='ocrx_word' id='word_1_75' title='bbox 562 831 688 867; x_wconf 92' lang='lat' dir='ltr'><strong>tanta</strong></span> <span class='ocrx_word' id='word_1_76' title='bbox 711 838 868 867; x_wconf 92' lang='lat' dir='ltr'><strong>omnes</strong></span> <span class='ocrx_word' id='word_1_77' title='bbox 891 822 996 866; x_wconf 85' lang='lat' dir='ltr'><strong>ferri</strong></span> <span class='ocrx_word' id='word_1_78' title='bbox 1020 821 1284 878; x_wconf 88' lang='lat' dir='ltr'><strong>cupiditate,</strong></span> <span class='ocrx_word' id='word_1_79' title='bbox 1311 822 1376 865; x_wconf 94' lang='lat' dir='ltr'><strong>sic</strong></span> <span class='ocrx_word' id='word_1_80' title='bbox 1398 829 1610 878; x_wconf 88' lang='lat' dir='ltr'><strong>appetere</strong></span> <span class='ocrx_word' id='word_1_81' title='bbox 1633 828 1678 865; x_wconf 91' lang='lat' dir='ltr'><strong>et</strong></span> <span class='ocrx_word' id='word_1_82' title='bbox 1696 821 1920 876; x_wconf 89' lang='lat' dir='ltr'><strong>quodam—</strong></span> 
     </span>
     <span class='ocr_line' id='line_1_11' title="bbox 276 882 1921 939; baseline -0.003 -12"><span class='ocrx_word' id='word_1_83' title='bbox 276 886 410 928; x_wconf 90' lang='lat' dir='ltr'><strong>modo</strong></span> <span class='ocrx_word' id='word_1_84' title='bbox 433 884 603 928; x_wconf 89' lang='lat' dir='ltr'><strong>ambire</strong></span> <span class='ocrx_word' id='word_1_85' title='bbox 627 884 718 938; x_wconf 90' lang='lat' dir='ltr'><strong>illa,</strong></span> <span class='ocrx_word' id='word_1_86' title='bbox 743 898 862 939; x_wconf 89' lang='lat' dir='ltr'><strong>quae</strong></span> <span class='ocrx_word' id='word_1_87' title='bbox 885 890 975 926; x_wconf 91' lang='lat' dir='ltr'><strong>tam</strong></span> <span class='ocrx_word' id='word_1_88' title='bbox 999 882 1260 926; x_wconf 87' lang='lat' dir='ltr'><strong>uehementi</strong></span> <span class='ocrx_word' id='word_1_89' title='bbox 1283 882 1434 925; x_wconf 88' lang='lat' dir='ltr'><strong>studio</strong></span> <span class='ocrx_word' id='word_1_90' title='bbox 1463 884 1661 924; x_wconf 90' lang='lat' dir='ltr'><strong>humana</strong></span> <span class='ocrx_word' id='word_1_91' title='bbox 1688 887 1921 937; x_wconf 75' lang='lat' dir='ltr'><strong>respueret</strong></span> 
     </span>
     <span class='ocr_line' id='line_1_12' title="bbox 276 939 1920 999; baseline -0.004 -12"><span class='ocrx_word' id='word_1_92' title='bbox 276 952 453 988; x_wconf 87' lang='lat' dir='ltr'><strong>natura.</strong></span> <span class='ocrx_word' id='word_1_93' title='bbox 477 944 626 996; x_wconf 90' lang='lat' dir='ltr'><strong>Multi,</strong></span> <span class='ocrx_word' id='word_1_94' title='bbox 648 959 831 988; x_wconf 90' lang='lat' dir='ltr'><strong>carnem</strong></span> <span class='ocrx_word' id='word_1_95' title='bbox 851 942 1214 999; x_wconf 76' lang='lat' dir='ltr'><strong>sanguinemque</strong></span> <span class='ocrx_word' id='word_1_96' title='bbox 1232 942 1425 998; x_wconf 89' lang='lat' dir='ltr'><strong>pedibus</strong></span> <span class='ocrx_word' id='word_1_97' title='bbox 1442 941 1781 994; x_wconf 76' lang='lat' dir='ltr'><strong>conculcantes,</strong></span> <span class='ocrx_word' id='word_1_98' title='bbox 1799 939 1920 983; x_wconf 92' lang='lat' dir='ltr'><strong>omni</strong></span> 
     </span>
     <span class='ocr_line' id='line_1_13' title="bbox 277 1000 1921 1072; baseline -0.004 -25"><span class='ocrx_word' id='word_1_99' title='bbox 277 1007 443 1048; x_wconf 87' lang='lat' dir='ltr'><strong>affectu</strong></span> <span class='ocrx_word' id='word_1_100' title='bbox 483 1005 904 1072; x_wconf 64' lang='lat' dir='ltr'><strong>complectebantur</strong></span> <span class='ocrx_word' id='word_1_101' title='bbox 940 1003 1096 1045; x_wconf 88' lang='lat' dir='ltr'><strong>infima</strong></span> <span class='ocrx_word' id='word_1_102' title='bbox 1123 1016 1333 1057; x_wconf 89' lang='lat' dir='ltr'><strong>quaeque</strong></span> <span class='ocrx_word' id='word_1_103' title='bbox 1366 1009 1410 1046; x_wconf 90' lang='lat' dir='ltr'><strong>et</strong></span> <span class='ocrx_word' id='word_1_104' title='bbox 1443 1000 1747 1045; x_wconf 89' lang='lat' dir='ltr'><strong>abiectissima</strong></span> <span class='ocrx_word' id='word_1_105' title='bbox 1780 1000 1921 1043; x_wconf 89' lang='lat' dir='ltr'><strong>totius</strong></span> 
     </span>
     <span class='ocr_line' id='line_1_14' title="bbox 276 1060 1916 1130; baseline -0.004 -23"><span class='ocrx_word' id='word_1_106' title='bbox 276 1065 438 1107; x_wconf 89' lang='lat' dir='ltr'><strong>domus</strong></span> <span class='ocrx_word' id='word_1_107' title='bbox 460 1064 725 1116; x_wconf 88' lang='lat' dir='ltr'><strong>ministeria,</strong></span> <span class='ocrx_word' id='word_1_108' title='bbox 752 1063 941 1130; x_wconf 87' lang='lat' dir='ltr'><strong>aliisque</strong></span> <span class='ocrx_word' id='word_1_109' title='bbox 963 1061 1231 1105; x_wconf 89' lang='lat' dir='ltr'><strong>humilitatis</strong></span> <span class='ocrx_word' id='word_1_110' title='bbox 1260 1063 1467 1118; x_wconf 87' lang='lat' dir='ltr'><strong>exemplo</strong></span> <span class='ocrx_word' id='word_1_111' title='bbox 1496 1075 1599 1103; x_wconf 94' lang='lat' dir='ltr'><strong>cum</strong></span> <span class='ocrx_word' id='word_1_112' title='bbox 1629 1060 1916 1116; x_wconf 86' lang='lat' dir='ltr'><strong>prodessent,</strong></span> 
     </span>
     <span class='ocr_line' id='line_1_15' title="bbox 276 1119 1920 1191; baseline -0.004 -24"><span class='ocrx_word' id='word_1_113' title='bbox 276 1124 360 1167; x_wconf 88' lang='lat' dir='ltr'><strong>sibi</strong></span> <span class='ocrx_word' id='word_1_114' title='bbox 398 1124 506 1191; x_wconf 82' lang='lat' dir='ltr'><strong>ipsis</strong></span> <span class='ocrx_word' id='word_1_115' title='bbox 544 1125 738 1166; x_wconf 90' lang='lat' dir='ltr'><strong>multum</strong></span> <span class='ocrx_word' id='word_1_116' title='bbox 776 1123 961 1179; x_wconf 90' lang='lat' dir='ltr'><strong>spiritus</strong></span> <span class='ocrx_word' id='word_1_117' title='bbox 998 1121 1295 1166; x_wconf 86' lang='lat' dir='ltr'><strong>renouatione</strong></span> <span class='ocrx_word' id='word_1_118' title='bbox 1327 1121 1641 1178; x_wconf 87' lang='lat' dir='ltr'><strong>proficiebant.</strong></span> <span class='ocrx_word' id='word_1_119' title='bbox 1685 1119 1920 1175; x_wconf 75' lang='lat' dir='ltr'><strong>Quosdam</strong></span> 
     </span>
     <span class='ocr_line' id='line_1_16' title="bbox 275 1179 1920 1240; baseline -0.004 -13"><span class='ocrx_word' id='word_1_120' title='bbox 275 1184 425 1239; x_wconf 90' lang='lat' dir='ltr'><strong>coqui,</strong></span> <span class='ocrx_word' id='word_1_121' title='bbox 453 1184 563 1226; x_wconf 91' lang='lat' dir='ltr'><strong>alios</strong></span> <span class='ocrx_word' id='word_1_122' title='bbox 586 1184 719 1227; x_wconf 90' lang='lat' dir='ltr'><strong>condi</strong></span> <span class='ocrx_word' id='word_1_123' title='bbox 741 1183 904 1240; x_wconf 85' lang='lat' dir='ltr'><strong>promi,</strong></span> <span class='ocrx_word' id='word_1_124' title='bbox 932 1182 1042 1224; x_wconf 89' lang='lat' dir='ltr'><strong>alios</strong></span> <span class='ocrx_word' id='word_1_125' title='bbox 1059 1181 1290 1237; x_wconf 87' lang='lat' dir='ltr'><strong>emptoris</strong></span> <span class='ocrx_word' id='word_1_126' title='bbox 1312 1196 1404 1224; x_wconf 91' lang='lat' dir='ltr'><strong>non</strong></span> <span class='ocrx_word' id='word_1_127' title='bbox 1420 1195 1590 1238; x_wconf 90' lang='lat' dir='ltr'><strong>paucos</strong></span> <span class='ocrx_word' id='word_1_128' title='bbox 1609 1179 1706 1222; x_wconf 92' lang='lat' dir='ltr'><strong>aliis</strong></span> <span class='ocrx_word' id='word_1_129' title='bbox 1728 1179 1920 1222; x_wconf 90' lang='lat' dir='ltr'><strong>aliorum</strong></span> 
     </span>
     <span class='ocr_line' id='line_1_17' title="bbox 274 1238 1918 1300; baseline -0.004 -14"><span class='ocrx_word' id='word_1_130' title='bbox 274 1243 539 1287; x_wconf 86' lang='lat' dir='ltr'><strong>muneribus</strong></span> <span class='ocrx_word' id='word_1_131' title='bbox 568 1245 814 1300; x_wconf 85' lang='lat' dir='ltr'><strong>fungentes</strong></span> <span class='ocrx_word' id='word_1_132' title='bbox 842 1242 1039 1295; x_wconf 83' lang='lat' dir='ltr'><strong>uideres3</strong></span> <span class='ocrx_word' id='word_1_133' title='bbox 1071 1256 1154 1284; x_wconf 91' lang='lat' dir='ltr'><strong>nec</strong></span> <span class='ocrx_word' id='word_1_134' title='bbox 1187 1242 1373 1285; x_wconf 89' lang='lat' dir='ltr'><strong>fuerunt</strong></span> <span class='ocrx_word' id='word_1_135' title='bbox 1400 1255 1560 1297; x_wconf 92' lang='lat' dir='ltr'><strong>parum</strong></span> <span class='ocrx_word' id='word_1_136' title='bbox 1588 1239 1734 1292; x_wconf 88' lang='lat' dir='ltr'><strong>multi,</strong></span> <span class='ocrx_word' id='word_1_137' title='bbox 1768 1239 1845 1294; x_wconf 91' lang='lat' dir='ltr'><strong>qui</strong></span> <span class='ocrx_word' id='word_1_138' title='bbox 1873 1238 1918 1281; x_wconf 93' lang='lat' dir='ltr'><strong>in</strong></span> 
     </span>
     <span class='ocr_line' id='line_1_18' title="bbox 276 1298 1916 1359; baseline -0.002 -14"><span class='ocrx_word' id='word_1_139' title='bbox 276 1303 469 1346; x_wconf 89' lang='lat' dir='ltr'><strong>triclinio</strong></span> <span class='ocrx_word' id='word_1_140' title='bbox 492 1318 683 1359; x_wconf 90' lang='lat' dir='ltr'><strong>corpora</strong></span> <span class='ocrx_word' id='word_1_141' title='bbox 705 1318 788 1347; x_wconf 87' lang='lat' dir='ltr'><strong>sua</strong></span> <span class='ocrx_word' id='word_1_142' title='bbox 811 1304 930 1345; x_wconf 89' lang='lat' dir='ltr'><strong>ultro</strong></span> <span class='ocrx_word' id='word_1_143' title='bbox 953 1302 1246 1358; x_wconf 80' lang='lat' dir='ltr'><strong>castigarent,</strong></span> <span class='ocrx_word' id='word_1_144' title='bbox 1268 1301 1447 1344; x_wconf 91' lang='lat' dir='ltr'><strong>ueniam</strong></span> <span class='ocrx_word' id='word_1_145' title='bbox 1467 1315 1576 1343; x_wconf 91' lang='lat' dir='ltr'><strong>suae</strong></span> <span class='ocrx_word' id='word_1_146' title='bbox 1593 1298 1916 1355; x_wconf 80' lang='lat' dir='ltr'><strong>negligentiae,</strong></span> 
     </span>
     <span class='ocr_line' id='line_1_19' title="bbox 275 1361 1737 1428; baseline -0.003 -22"><span class='ocrx_word' id='word_1_147' title='bbox 275 1363 405 1418; x_wconf 89' lang='lat' dir='ltr'><strong>siqua</strong></span> <span class='ocrx_word' id='word_1_148' title='bbox 428 1363 608 1406; x_wconf 86' lang='lat' dir='ltr'><strong>fuerat</strong></span> <span class='ocrx_word' id='word_1_149' title='bbox 598 1379 643 1405; x_wconf 88' lang='grc'><strong>111</strong></span> <span class='ocrx_word' id='word_1_150' title='bbox 666 1363 837 1419; x_wconf 89' lang='lat' dir='ltr'><strong>regulis</strong></span> <span class='ocrx_word' id='word_1_151' title='bbox 861 1361 1174 1413; x_wconf 89' lang='lat' dir='ltr'><strong>obseruandis,</strong></span> <span class='ocrx_word' id='word_1_152' title='bbox 1195 1361 1458 1428; x_wconf 88' lang='lat' dir='ltr'><strong>suppliciter</strong></span> <span class='ocrx_word' id='word_1_153' title='bbox 1479 1366 1737 1416; x_wconf 90' lang='lat' dir='ltr'><strong>poscentes.</strong></span> 
     </span>
    </p>

    <p class='ocr_par' dir='ltr' id='par_1_4' title="bbox 274 1418 1920 1528">
     <span class='ocr_line' id='line_1_20' title="bbox 365 1418 1920 1477; baseline -0.003 -12"><span class='ocrx_word' id='word_1_154' title='bbox 365 1423 470 1466; x_wconf 88' lang='lat' dir='ltr'><strong>Fuit</strong></span> <span class='ocrx_word' id='word_1_155' title='bbox 498 1430 543 1466; x_wconf 88' lang='lat' dir='ltr'><strong>et</strong></span> <span class='ocrx_word' id='word_1_156' title='bbox 571 1423 685 1466; x_wconf 83' lang='lat' dir='ltr'><strong>alius</strong></span> <span class='ocrx_word' id='word_1_157' title='bbox 713 1424 822 1466; x_wconf 88' lang='lat' dir='ltr'><strong>ordo</strong></span> <span class='ocrx_word' id='word_1_158' title='bbox 846 1437 1019 1474; x_wconf 90' lang='lat' dir='ltr'><strong>eorum,</strong></span> <span class='ocrx_word' id='word_1_159' title='bbox 1045 1421 1123 1477; x_wconf 90' lang='lat' dir='ltr'><strong>qui</strong></span> <span class='ocrx_word' id='word_1_160' title='bbox 1147 1420 1252 1464; x_wconf 91' lang='lat' dir='ltr'><strong>uel</strong></span> <span class='ocrx_word' id='word_1_161' title='bbox 1242 1421 1422 1465; x_wconf 82' lang='lat' dir='ltr'><strong>ieiuniis</strong></span> <span class='ocrx_word' id='word_1_162' title='bbox 1439 1435 1492 1464; x_wconf 90' lang='lat' dir='ltr'><strong>ac</strong></span> <span class='ocrx_word' id='word_1_163' title='bbox 1515 1418 1672 1463; x_wconf 87' lang='lat' dir='ltr'><strong>ciliciis</strong></span> <span class='ocrx_word' id='word_1_164' title='bbox 1695 1433 1743 1462; x_wconf 91' lang='lat' dir='ltr'><strong>se</strong></span> <span class='ocrx_word' id='word_1_165' title='bbox 1759 1424 1920 1474; x_wconf 91' lang='lat' dir='ltr'><strong>sponte</strong></span> 
     </span>
     <span class='ocr_line' id='line_1_21' title="bbox 274 1489 576 1528; baseline -0.003 -2"><span class='ocrx_word' id='word_1_166' title='bbox 274 1489 576 1528; x_wconf 87' lang='lat' dir='ltr'><strong>macerarunt.</strong></span> 
     </span>
    </p>

    <p class='ocr_par' dir='ltr' id='par_1_5' title="bbox 274 1536 1954 1777">
     <span class='ocr_line' id='line_1_22' title="bbox 365 1536 1922 1608; baseline -0.005 -22"><span class='ocrx_word' id='word_1_167' title='bbox 365 1543 451 1586; x_wconf 91' lang='lat' dir='ltr'><strong>His</strong></span> <span class='ocrx_word' id='word_1_168' title='bbox 490 1549 781 1586; x_wconf 86' lang='lat' dir='ltr'><strong>accesserunt</strong></span> <span class='ocrx_word' id='word_1_169' title='bbox 809 1540 1087 1608; x_wconf 78' lang='lat' dir='ltr'><strong>antiquiores</strong></span> <span class='ocrx_word' id='word_1_170' title='bbox 1116 1540 1203 1583; x_wconf 90' lang='lat' dir='ltr'><strong>iam</strong></span> <span class='ocrx_word' id='word_1_171' title='bbox 1235 1540 1357 1584; x_wconf 90' lang='lat' dir='ltr'><strong>uitae</strong></span> <span class='ocrx_word' id='word_1_172' title='bbox 1385 1539 1622 1592; x_wconf 88' lang='lat' dir='ltr'><strong>electione,</strong></span> <span class='ocrx_word' id='word_1_173' title='bbox 1658 1539 1739 1581; x_wconf 92' lang='lat' dir='ltr'><strong>sed</strong></span> <span class='ocrx_word' id='word_1_174' title='bbox 1770 1536 1922 1579; x_wconf 90' lang='lat' dir='ltr'><strong>studio</strong></span> 
     </span>
     <span class='ocr_line' id='line_1_23' title="bbox 276 1596 1954 1658; baseline -0.004 -14"><span class='ocrx_word' id='word_1_175' title='bbox 276 1602 539 1658; x_wconf 88' lang='lat' dir='ltr'><strong>proficiendi</strong></span> <span class='ocrx_word' id='word_1_176' title='bbox 571 1602 748 1656; x_wconf 91' lang='lat' dir='ltr'><strong>nouitii,</strong></span> <span class='ocrx_word' id='word_1_177' title='bbox 781 1601 858 1657; x_wconf 91' lang='lat' dir='ltr'><strong>qui</strong></span> <span class='ocrx_word' id='word_1_178' title='bbox 880 1600 1157 1644; x_wconf 89' lang='lat' dir='ltr'><strong>nouitiorum</strong></span> <span class='ocrx_word' id='word_1_179' title='bbox 1186 1615 1311 1643; x_wconf 87' lang='lat' dir='ltr'><strong>more</strong></span> <span class='ocrx_word' id='word_1_180' title='bbox 1340 1600 1497 1643; x_wconf 85' lang='lat' dir='ltr'><strong>uiuere</strong></span> <span class='ocrx_word' id='word_1_181' title='bbox 1520 1605 1746 1655; x_wconf 86' lang='lat' dir='ltr'><strong>optantes,</strong></span> <span class='ocrx_word' id='word_1_182' title='bbox 1772 1596 1921 1639; x_wconf 86' lang='lat' dir='ltr'><strong>chiro—</strong></span> <span class='ocrx_word' id='word_1_183' title='bbox 1951 1631 1954 1634; x_wconf 30' lang='lat'><strong>⁴</strong></span> 
     </span>
     <span class='ocr_line' id='line_1_24' title="bbox 276 1637 1921 1729; baseline -0.004 -23.996"><span class='ocrx_word' id='word_1_184' title='bbox 276 1662 462 1718; x_wconf 88' lang='lat' dir='ltr'><strong>graphis</strong></span> <span class='ocrx_word' id='word_1_185' title='bbox 480 1662 694 1729; x_wconf 83' lang='lat' dir='ltr'><strong>acceptis,</strong></span> <span class='ocrx_word' id='word_1_186' title='bbox 716 1637 961 1705; x_wconf 75' lang='lat' dir='ltr'><strong>iioluntarii</strong></span> <span class='ocrx_word' id='word_1_187' title='bbox 978 1660 1063 1704; x_wconf 88' lang='lat' dir='ltr'><strong>sibi</strong></span> <span class='ocrx_word' id='word_1_188' title='bbox 1087 1660 1316 1703; x_wconf 90' lang='lat' dir='ltr'><strong>silentium</strong></span> <span class='ocrx_word' id='word_1_189' title='bbox 1340 1659 1617 1711; x_wconf 84' lang='lat' dir='ltr'><strong>indixerunt,</strong></span> <span class='ocrx_word' id='word_1_190' title='bbox 1644 1665 1688 1701; x_wconf 89' lang='lat' dir='ltr'><strong>et</strong></span> <span class='ocrx_word' id='word_1_191' title='bbox 1705 1657 1802 1702; x_wconf 89' lang='lat' dir='ltr'><strong>eius</strong></span> <span class='ocrx_word' id='word_1_192' title='bbox 1822 1655 1921 1699; x_wconf 91' lang='lat' dir='ltr'><strong>uio—</strong></span> 
     </span>
     <span class='ocr_line' id='line_1_25' title="bbox 274 1719 1514 1787; baseline -0.002 -23"><span class='ocrx_word' id='word_1_193' title='bbox 274 1722 352 1765; x_wconf 90' lang='lat' dir='ltr'><strong>lati</strong></span> <span class='ocrx_word' id='word_1_194' title='bbox 375 1722 646 1765; x_wconf 89' lang='lat' dir='ltr'><strong>constitutas</strong></span> <span class='ocrx_word' id='word_1_195' title='bbox 670 1736 839 1777; x_wconf 90' lang='lat' dir='ltr'><strong>poenas</strong></span> <span class='ocrx_word' id='word_1_196' title='bbox 860 1719 1158 1763; x_wconf 89' lang='lat' dir='ltr'><strong>libentissime</strong></span> <span class='ocrx_word' id='word_1_197' title='bbox 1180 1721 1514 1787; x_wconf 83' lang='lat' dir='ltr'><strong>persoluerunt</strong></span> 
     </span>
    </p>

    <p class='ocr_par' dir='ltr' id='par_1_6' title="bbox 274 1776 1921 2255">
     <span class='ocr_line' id='line_1_26' title="bbox 366 1776 1920 1836; baseline -0.005 -11"><span class='ocrx_word' id='word_1_198' title='bbox 366 1784 552 1825; x_wconf 88' lang='lat' dir='ltr'><strong>Praeter</strong></span> <span class='ocrx_word' id='word_1_199' title='bbox 574 1784 657 1825; x_wconf 87' lang='lat' dir='ltr'><strong>hos</strong></span> <span class='ocrx_word' id='word_1_200' title='bbox 681 1796 847 1835; x_wconf 80' lang='lat' dir='ltr'><strong>magna</strong></span> <span class='ocrx_word' id='word_1_201' title='bbox 868 1788 965 1824; x_wconf 91' lang='lat' dir='ltr'><strong>erat</strong></span> <span class='ocrx_word' id='word_1_202' title='bbox 988 1779 1117 1836; x_wconf 91' lang='lat' dir='ltr'><strong>copia</strong></span> <span class='ocrx_word' id='word_1_203' title='bbox 1139 1779 1392 1836; x_wconf 88' lang='lat' dir='ltr'><strong>petentium</strong></span> <span class='ocrx_word' id='word_1_204' title='bbox 1417 1786 1467 1821; x_wconf 88' lang='lat' dir='ltr'><strong>ut</strong></span> <span class='ocrx_word' id='word_1_205' title='bbox 1489 1779 1536 1822; x_wconf 91' lang='lat' dir='ltr'><strong>in</strong></span> <span class='ocrx_word' id='word_1_206' title='bbox 1561 1781 1747 1821; x_wconf 85' lang='lat' dir='ltr'><strong>Patrum</strong></span> <span class='ocrx_word' id='word_1_207' title='bbox 1767 1782 1811 1820; x_wconf 90' lang='lat' dir='ltr'><strong>et</strong></span> <span class='ocrx_word' id='word_1_208' title='bbox 1830 1776 1920 1818; x_wconf 84' lang='lat' dir='ltr'><strong>fra-</strong></span> 
     </span>
     <span class='ocr_line' id='line_1_27' title="bbox 276 1839 1916 1908; baseline -0.004 -24"><span class='ocrx_word' id='word_1_209' title='bbox 276 1848 393 1884; x_wconf 86' lang='lat' dir='ltr'><strong>trum</strong></span> <span class='ocrx_word' id='word_1_210' title='bbox 433 1841 852 1908; x_wconf 82' lang='lat' dir='ltr'><strong>conquiescentium</strong></span> <span class='ocrx_word' id='word_1_211' title='bbox 892 1839 1118 1895; x_wconf 85' lang='lat' dir='ltr'><strong>frequenti</strong></span> <span class='ocrx_word' id='word_1_212' title='bbox 1156 1854 1374 1883; x_wconf 88' lang='lat' dir='ltr'><strong>consessu</strong></span> <span class='ocrx_word' id='word_1_213' title='bbox 1412 1839 1592 1895; x_wconf 88' lang='lat' dir='ltr'><strong>publice</strong></span> <span class='ocrx_word' id='word_1_214' title='bbox 1629 1843 1916 1888; x_wconf 86' lang='lat' dir='ltr'><strong>notarentur,</strong></span> 
     </span>
     <span class='ocr_line' id='line_1_28' title="bbox 274 1870 1919 1968; baseline -0.004 -24"><span class='ocrx_word' id='word_1_215' title='bbox 274 1903 395 1968; x_wconf 81' lang='lat' dir='ltr'><strong>quod</strong></span> <span class='ocrx_word' id='word_1_216' title='bbox 421 1901 550 1944; x_wconf 88' lang='lat' dir='ltr'><strong>facile</strong></span> <span class='ocrx_word' id='word_1_217' title='bbox 573 1908 642 1944; x_wconf 89' lang='lat' dir='ltr'><strong>est</strong></span> <span class='ocrx_word' id='word_1_218' title='bbox 664 1901 971 1957; x_wconf 89' lang='lat' dir='ltr'><strong>impetratum,</strong></span> <span class='ocrx_word' id='word_1_219' title='bbox 998 1915 1089 1942; x_wconf 91' lang='lat' dir='ltr'><strong>non</strong></span> <span class='ocrx_word' id='word_1_220' title='bbox 1113 1900 1258 1942; x_wconf 90' lang='lat' dir='ltr'><strong>solum</strong></span> <span class='ocrx_word' id='word_1_221' title='bbox 1278 1906 1328 1941; x_wconf 93' lang='lat' dir='ltr'><strong>ut</strong></span> <span class='ocrx_word' id='word_1_222' title='bbox 1344 1914 1398 1942; x_wconf 93' lang='lat' dir='ltr'><strong>eo</strong></span> <span class='ocrx_word' id='word_1_223' title='bbox 1417 1907 1620 1955; x_wconf 88' lang='lat' dir='ltr'><strong>tempore</strong></span> <span class='ocrx_word' id='word_1_224' title='bbox 1637 1903 1682 1940; x_wconf 89' lang='lat' dir='ltr'><strong>et</strong></span> <span class='ocrx_word' id='word_1_225' title='bbox 1704 1897 1820 1948; x_wconf 89' lang='lat' dir='ltr'><strong>loco,</strong></span> <span class='ocrx_word' id='word_1_226' title='bbox 1839 1870 1919 1939; x_wconf 86' lang='lat' dir='ltr'><strong>sed</strong></span> 
     </span>
     <span class='ocr_line' id='line_1_29' title="bbox 274 1929 1919 2026; baseline -0.005 -22"><span class='ocrx_word' id='word_1_227' title='bbox 274 1961 410 2004; x_wconf 87' lang='lat' dir='ltr'><strong>etiam</strong></span> <span class='ocrx_word' id='word_1_228' title='bbox 434 1969 482 2003; x_wconf 89' lang='lat' dir='ltr'><strong>ut</strong></span> <span class='ocrx_word' id='word_1_229' title='bbox 506 1961 552 2003; x_wconf 91' lang='lat' dir='ltr'><strong>in</strong></span> <span class='ocrx_word' id='word_1_230' title='bbox 576 1961 770 2003; x_wconf 87' lang='lat' dir='ltr'><strong>triclinio</strong></span> <span class='ocrx_word' id='word_1_231' title='bbox 792 1960 980 2016; x_wconf 84' lang='lat' dir='ltr'><strong>prandia</strong></span> <span class='ocrx_word' id='word_1_232' title='bbox 1003 1974 1138 2026; x_wconf 86' lang='lat' dir='ltr'><strong>saepe</strong></span> <span class='ocrx_word' id='word_1_233' title='bbox 1160 1966 1206 2002; x_wconf 91' lang='lat' dir='ltr'><strong>et</strong></span> <span class='ocrx_word' id='word_1_234' title='bbox 1228 1974 1398 2003; x_wconf 90' lang='lat' dir='ltr'><strong>coenae</strong></span> <span class='ocrx_word' id='word_1_235' title='bbox 1415 1961 1502 2001; x_wconf 91' lang='lat' dir='ltr'><strong>hoc</strong></span> <span class='ocrx_word' id='word_1_236' title='bbox 1519 1956 1650 2001; x_wconf 87' lang='lat' dir='ltr'><strong>nobis</strong></span> <span class='ocrx_word' id='word_1_237' title='bbox 1667 1957 1760 1999; x_wconf 90' lang='lat' dir='ltr'><strong>sale</strong></span> <span class='ocrx_word' id='word_1_238' title='bbox 1777 1929 1919 1997; x_wconf 85' lang='lat' dir='ltr'><strong>rriulto</strong></span> 
     </span>
     <span class='ocr_line' id='line_1_30' title="bbox 276 2015 1920 2074; baseline -0.004 -11"><span class='ocrx_word' id='word_1_239' title='bbox 276 2021 569 2063; x_wconf 82' lang='lat' dir='ltr'><strong>condirentur</strong></span> <span class='ocrx_word' id='word_1_240' title='bbox 592 2020 872 2063; x_wconf 88' lang='lat' dir='ltr'><strong>commodius</strong></span> <span class='ocrx_word' id='word_1_241' title='bbox 895 2027 940 2063; x_wconf 90' lang='lat' dir='ltr'><strong>et</strong></span> <span class='ocrx_word' id='word_1_242' title='bbox 964 2019 1166 2062; x_wconf 90' lang='lat' dir='ltr'><strong>suauius.</strong></span> <span class='ocrx_word' id='word_1_243' title='bbox 1195 2018 1320 2074; x_wconf 72' lang='lat' dir='ltr'><strong>Quid</strong></span> <span class='ocrx_word' id='word_1_244' title='bbox 1349 2018 1496 2061; x_wconf 87' lang='lat' dir='ltr'><strong>dicam</strong></span> <span class='ocrx_word' id='word_1_245' title='bbox 1528 2019 1584 2062; x_wconf 92' lang='lat' dir='ltr'><strong>de</strong></span> <span class='ocrx_word' id='word_1_246' title='bbox 1613 2015 1780 2059; x_wconf 91' lang='lat' dir='ltr'><strong>nostris</strong></span> <span class='ocrx_word' id='word_1_247' title='bbox 1807 2029 1920 2071; x_wconf 44' lang='lat' dir='ltr'><strong>agau</strong></span> 
     </span>
     <span class='ocr_line' id='line_1_31' title="bbox 274 2074 1921 2136; baseline -0.004 -12.991"><span class='ocrx_word' id='word_1_248' title='bbox 274 2080 478 2132; x_wconf 87' lang='lat' dir='ltr'><strong>sonibus</strong></span> <span class='ocrx_word' id='word_1_249' title='bbox 506 2081 582 2135; x_wconf 90' lang='lat' dir='ltr'><strong>qui</strong></span> <span class='ocrx_word' id='word_1_250' title='bbox 606 2080 762 2136; x_wconf 83' lang='lat' dir='ltr'><strong>paucis</strong></span> <span class='ocrx_word' id='word_1_251' title='bbox 785 2080 945 2123; x_wconf 89' lang='lat' dir='ltr'><strong>diebus</strong></span> <span class='ocrx_word' id='word_1_252' title='bbox 963 2094 1078 2135; x_wconf 90' lang='lat' dir='ltr'><strong>pene</strong></span> <span class='ocrx_word' id='word_1_253' title='bbox 1095 2078 1449 2123; x_wconf 89' lang='lat' dir='ltr'><strong>innumerabiles</strong></span> <span class='ocrx_word' id='word_1_254' title='bbox 1466 2078 1732 2129; x_wconf 81' lang='lat' dir='ltr'><strong>extiterunt,</strong></span> <span class='ocrx_word' id='word_1_255' title='bbox 1755 2074 1921 2117; x_wconf 88' lang='lat' dir='ltr'><strong>uilibus</strong></span> 
     </span>
     <span class='ocr_line' id='line_1_32' title="bbox 275 2138 1920 2195; baseline -0.004 -11"><span class='ocrx_word' id='word_1_256' title='bbox 275 2140 511 2195; x_wconf 90' lang='lat' dir='ltr'><strong>etritisque</strong></span> <span class='ocrx_word' id='word_1_257' title='bbox 534 2140 741 2184; x_wconf 83' lang='lat' dir='ltr'><strong>uestibus</strong></span> <span class='ocrx_word' id='word_1_258' title='bbox 764 2141 880 2183; x_wconf 87' lang='lat' dir='ltr'><strong>male</strong></span> <span class='ocrx_word' id='word_1_259' title='bbox 904 2139 1074 2192; x_wconf 86' lang='lat' dir='ltr'><strong>uestiti,</strong></span> <span class='ocrx_word' id='word_1_260' title='bbox 1101 2154 1206 2194; x_wconf 87' lang='lat' dir='ltr'><strong>prae</strong></span> <span class='ocrx_word' id='word_1_261' title='bbox 1235 2153 1284 2181; x_wconf 92' lang='lat' dir='ltr'><strong>se</strong></span> <span class='ocrx_word' id='word_1_262' title='bbox 1313 2138 1516 2181; x_wconf 88' lang='lat' dir='ltr'><strong>iumenta</strong></span> <span class='ocrx_word' id='word_1_263' title='bbox 1544 2138 1680 2180; x_wconf 90' lang='lat' dir='ltr'><strong>rebus</strong></span> <span class='ocrx_word' id='word_1_264' title='bbox 1707 2149 1920 2179; x_wconf 85' lang='lat' dir='ltr'><strong>necessa—</strong></span> 
     </span>
     <span class='ocr_line' id='line_1_33' title="bbox 276 2199 1454 2255; baseline -0.001 -13"><span class='ocrx_word' id='word_1_265' title='bbox 276 2199 353 2242; x_wconf 91' lang='lat' dir='ltr'><strong>riis</strong></span> <span class='ocrx_word' id='word_1_266' title='bbox 375 2207 540 2242; x_wconf 90' lang='lat' dir='ltr'><strong>onusta</strong></span> <span class='ocrx_word' id='word_1_267' title='bbox 562 2202 652 2242; x_wconf 89' lang='lat' dir='ltr'><strong>huc</strong></span> <span class='ocrx_word' id='word_1_268' title='bbox 675 2199 781 2242; x_wconf 90' lang='lat' dir='ltr'><strong>illuc</strong></span> <span class='ocrx_word' id='word_1_269' title='bbox 805 2215 883 2255; x_wconf 89' lang='lat' dir='ltr'><strong>per</strong></span> <span class='ocrx_word' id='word_1_270' title='bbox 906 2206 1046 2241; x_wconf 89' lang='lat' dir='ltr'><strong>totam</strong></span> <span class='ocrx_word' id='word_1_271' title='bbox 1071 2200 1229 2241; x_wconf 90' lang='lat' dir='ltr'><strong>urbem</strong></span> <span class='ocrx_word' id='word_1_272' title='bbox 1248 2205 1454 2254; x_wconf 87' lang='lat' dir='ltr'><strong>agentes.</strong></span> 
     </span>
    </p>

    <p class='ocr_par' dir='ltr' id='par_1_7' title="bbox 274 2255 1919 2494">
     <span class='ocr_line' id='line_1_34' title="bbox 365 2255 1919 2315; baseline -0.003 -14"><span class='ocrx_word' id='word_1_273' title='bbox 365 2259 576 2302; x_wconf 85' lang='lat' dir='ltr'><strong>Iniuriam</strong></span> <span class='ocrx_word' id='word_1_274' title='bbox 595 2259 811 2315; x_wconf 85' lang='lat' dir='ltr'><strong>operariis</strong></span> <span class='ocrx_word' id='word_1_275' title='bbox 831 2259 1007 2310; x_wconf 84' lang='lat' dir='ltr'><strong>faciam,</strong></span> <span class='ocrx_word' id='word_1_276' title='bbox 1029 2258 1066 2301; x_wconf 93' lang='lat' dir='ltr'><strong>si</strong></span> <span class='ocrx_word' id='word_1_277' title='bbox 1083 2258 1227 2314; x_wconf 88' lang='lat' dir='ltr'><strong>patiar</strong></span> <span class='ocrx_word' id='word_1_278' title='bbox 1246 2273 1326 2301; x_wconf 93' lang='lat' dir='ltr'><strong>eos</strong></span> <span class='ocrx_word' id='word_1_279' title='bbox 1344 2257 1390 2299; x_wconf 88' lang='lat' dir='ltr'><strong>in</strong></span> <span class='ocrx_word' id='word_1_280' title='bbox 1408 2255 1630 2300; x_wconf 88' lang='lat' dir='ltr'><strong>obscuro</strong></span> <span class='ocrx_word' id='word_1_281' title='bbox 1620 2269 1782 2306; x_wconf 81' lang='lat' dir='ltr'><strong>iacere,</strong></span> <span class='ocrx_word' id='word_1_282' title='bbox 1805 2268 1919 2309; x_wconf 91' lang='lat' dir='ltr'><strong>quo—</strong></span> 
     </span>
     <span class='ocr_line' id='line_1_35' title="bbox 276 2314 1919 2375; baseline -0.002 -16"><span class='ocrx_word' id='word_1_283' title='bbox 276 2333 374 2360; x_wconf 92' lang='lat' dir='ltr'><strong>rum</strong></span> <span class='ocrx_word' id='word_1_284' title='bbox 409 2334 544 2375; x_wconf 89' lang='lat' dir='ltr'><strong>opera</strong></span> <span class='ocrx_word' id='word_1_285' title='bbox 582 2319 627 2361; x_wconf 91' lang='lat' dir='ltr'><strong>in</strong></span> <span class='ocrx_word' id='word_1_286' title='bbox 656 2320 876 2361; x_wconf 90' lang='lat' dir='ltr'><strong>uertenda</strong></span> <span class='ocrx_word' id='word_1_287' title='bbox 902 2318 1318 2373; x_wconf 88' lang='lat' dir='ltr'><strong>comportandaque</strong></span> <span class='ocrx_word' id='word_1_288' title='bbox 1349 2325 1468 2360; x_wconf 88' lang='lat' dir='ltr'><strong>terra</strong></span> <span class='ocrx_word' id='word_1_289' title='bbox 1496 2323 1541 2360; x_wconf 89' lang='lat' dir='ltr'><strong>et</strong></span> <span class='ocrx_word' id='word_1_290' title='bbox 1569 2314 1691 2358; x_wconf 91' lang='lat' dir='ltr'><strong>omni</strong></span> <span class='ocrx_word' id='word_1_291' title='bbox 1723 2314 1919 2369; x_wconf 89' lang='lat' dir='ltr'><strong>denique</strong></span> 
     </span>
     <span class='ocr_line' id='line_1_36' title="bbox 274 2376 1919 2435; baseline -0.003 -15"><span class='ocrx_word' id='word_1_292' title='bbox 274 2378 474 2433; x_wconf 87' lang='lat' dir='ltr'><strong>lapidum</strong></span> <span class='ocrx_word' id='word_1_293' title='bbox 498 2378 817 2435; x_wconf 88' lang='lat' dir='ltr'><strong>lignorumque</strong></span> <span class='ocrx_word' id='word_1_294' title='bbox 840 2377 1036 2433; x_wconf 87' lang='lat' dir='ltr'><strong>collegio</strong></span> <span class='ocrx_word' id='word_1_295' title='bbox 1059 2377 1341 2420; x_wconf 89' lang='lat' dir='ltr'><strong>aedificando</strong></span> <span class='ocrx_word' id='word_1_296' title='bbox 1364 2376 1550 2420; x_wconf 87' lang='lat' dir='ltr'><strong>materie</strong></span> <span class='ocrx_word' id='word_1_297' title='bbox 1576 2382 1754 2419; x_wconf 87' lang='lat' dir='ltr'><strong>uersata</strong></span> <span class='ocrx_word' id='word_1_298' title='bbox 1777 2380 1845 2418; x_wconf 92' lang='lat' dir='ltr'><strong>est</strong></span> <span class='ocrx_word' id='word_1_299' title='bbox 1874 2379 1919 2415; x_wconf 91' lang='lat' dir='ltr'><strong>et</strong></span> 
     </span>
     <span class='ocr_line' id='line_1_37' title="bbox 278 2446 530 2494; baseline 0.004 -14"><span class='ocrx_word' id='word_1_300' title='bbox 278 2446 530 2494; x_wconf 86' lang='lat' dir='ltr'><strong>perspecta.</strong></span> 
     </span>
    </p>

    <p class='ocr_par' dir='ltr' id='par_1_8' title="bbox 274 2492 1919 2670">
     <span class='ocr_line' id='line_1_38' title="bbox 364 2492 1919 2553; baseline -0.005 -12"><span class='ocrx_word' id='word_1_301' title='bbox 364 2499 466 2541; x_wconf 91' lang='lat' dir='ltr'><strong>Non</strong></span> <span class='ocrx_word' id='word_1_302' title='bbox 490 2504 725 2541; x_wconf 86' lang='lat' dir='ltr'><strong>cesserunt</strong></span> <span class='ocrx_word' id='word_1_303' title='bbox 749 2497 819 2540; x_wconf 91' lang='lat' dir='ltr'><strong>his</strong></span> <span class='ocrx_word' id='word_1_304' title='bbox 842 2496 1065 2553; x_wconf 88' lang='lat' dir='ltr'><strong>spiritales</strong></span> <span class='ocrx_word' id='word_1_305' title='bbox 1083 2512 1260 2552; x_wconf 89' lang='lat' dir='ltr'><strong>operae.</strong></span> <span class='ocrx_word' id='word_1_306' title='bbox 1285 2495 1633 2552; x_wconf 86' lang='lat' dir='ltr'><strong>Ouinquaginta</strong></span> <span class='ocrx_word' id='word_1_307' title='bbox 1649 2494 1751 2550; x_wconf 90' lang='lat' dir='ltr'><strong>plus</strong></span> <span class='ocrx_word' id='word_1_308' title='bbox 1769 2492 1919 2534; x_wconf 92' lang='lat' dir='ltr'><strong>minus</strong></span> 
     </span>
     <span class='ocr_line' id='line_1_39' title="bbox 274 2551 1918 2615; baseline -0.003 -17"><span class='ocrx_word' id='word_1_309' title='bbox 274 2556 490 2611; x_wconf 87' lang='lat' dir='ltr'><strong>spiritalia</strong></span> <span class='ocrx_word' id='word_1_310' title='bbox 507 2556 751 2615; x_wconf 65' lang='lat' dir='ltr'><strong>[exercitia]</strong></span> <span class='ocrx_word' id='word_1_311' title='bbox 770 2563 1045 2612; x_wconf 90' lang='lat' dir='ltr'><strong>acceperunt</strong></span> <span class='ocrx_word' id='word_1_312' title='bbox 1059 2571 1137 2612; x_wconf 91' lang='lat' dir='ltr'><strong>per</strong></span> <span class='ocrx_word' id='word_1_313' title='bbox 1155 2557 1326 2612; x_wconf 90' lang='lat' dir='ltr'><strong>aliquot</strong></span> <span class='ocrx_word' id='word_1_314' title='bbox 1343 2556 1455 2608; x_wconf 89' lang='lat' dir='ltr'><strong>dies,</strong></span> <span class='ocrx_word' id='word_1_315' title='bbox 1479 2563 1528 2598; x_wconf 92' lang='lat' dir='ltr'><strong>ut</strong></span> <span class='ocrx_word' id='word_1_316' title='bbox 1546 2561 1614 2598; x_wconf 92' lang='lat' dir='ltr'><strong>est</strong></span> <span class='ocrx_word' id='word_1_317' title='bbox 1631 2554 1677 2596; x_wconf 92' lang='lat' dir='ltr'><strong>in</strong></span> <span class='ocrx_word' id='word_1_318' title='bbox 1695 2568 1836 2604; x_wconf 91' lang='lat' dir='ltr'><strong>more,</strong></span> <span class='ocrx_word' id='word_1_319' title='bbox 1849 2551 1918 2595; x_wconf 92' lang='lat' dir='ltr'><strong>sui</strong></span> 
     </span>
     <span class='ocr_line' id='line_1_40' title="bbox 274 2613 1915 2672; baseline -0.002 -14"><span class='ocrx_word' id='word_1_320' title='bbox 274 2616 517 2670; x_wconf 79' lang='lat' dir='ltr'><strong>colligendi</strong></span> <span class='ocrx_word' id='word_1_321' title='bbox 550 2616 697 2672; x_wconf 87' lang='lat' dir='ltr'><strong>gratia</strong></span> <span class='ocrx_word' id='word_1_322' title='bbox 729 2617 1063 2668; x_wconf 88' lang='lat' dir='ltr'><strong>delitescentes,</strong></span> <span class='ocrx_word' id='word_1_323' title='bbox 1091 2616 1371 2670; x_wconf 88' lang='lat' dir='ltr'><strong>aliorumque</strong></span> <span class='ocrx_word' id='word_1_324' title='bbox 1401 2613 1671 2658; x_wconf 88' lang='lat' dir='ltr'><strong>commercio</strong></span> <span class='ocrx_word' id='word_1_325' title='bbox 1694 2618 1915 2656; x_wconf 69' lang='lat' dir='ltr'><strong>carentes</strong></span> 
     </span>
    </p>

    <p class='ocr_par' dir='ltr' id='par_1_9' title="bbox 275 2671 1921 3148">
     <span class='ocr_line' id='line_1_41' title="bbox 365 2671 1921 2732; baseline -0.003 -14"><span class='ocrx_word' id='word_1_326' title='bbox 365 2678 523 2719; x_wconf 85' lang='lat' dir='ltr'><strong>Restat</strong></span> <span class='ocrx_word' id='word_1_327' title='bbox 546 2676 888 2732; x_wconf 83' lang='lat' dir='ltr'><strong>peregrinorum</strong></span> <span class='ocrx_word' id='word_1_328' title='bbox 912 2675 1049 2728; x_wconf 87' lang='lat' dir='ltr'><strong>acies,</strong></span> <span class='ocrx_word' id='word_1_329' title='bbox 1076 2691 1192 2731; x_wconf 87' lang='lat' dir='ltr'><strong>quae</strong></span> <span class='ocrx_word' id='word_1_330' title='bbox 1210 2677 1347 2729; x_wconf 80' lang='lat' dir='ltr'><strong>longe</strong></span> <span class='ocrx_word' id='word_1_331' title='bbox 1365 2674 1553 2730; x_wconf 88' lang='lat' dir='ltr'><strong>amplior</strong></span> <span class='ocrx_word' id='word_1_332' title='bbox 1570 2672 1808 2724; x_wconf 85' lang='lat' dir='ltr'><strong>extitisset,</strong></span> <span class='ocrx_word' id='word_1_333' title='bbox 1835 2671 1921 2713; x_wconf 89' lang='lat' dir='ltr'><strong>nisi</strong></span> 
     </span>
     <span class='ocr_line' id='line_1_42' title="bbox 276 2731 1917 2799; baseline -0.002 -24"><span class='ocrx_word' id='word_1_334' title='bbox 276 2735 520 2778; x_wconf 87' lang='lat' dir='ltr'><strong>multorum</strong></span> <span class='ocrx_word' id='word_1_335' title='bbox 551 2736 866 2779; x_wconf 84' lang='lat' dir='ltr'><strong>ardentissima</strong></span> <span class='ocrx_word' id='word_1_336' title='bbox 897 2742 1002 2778; x_wconf 90' lang='lat' dir='ltr'><strong>uota</strong></span> <span class='ocrx_word' id='word_1_337' title='bbox 1032 2735 1317 2779; x_wconf 84' lang='lat' dir='ltr'><strong>obedientiae</strong></span> <span class='ocrx_word' id='word_1_338' title='bbox 1347 2736 1552 2778; x_wconf 86' lang='lat' dir='ltr'><strong>habenae</strong></span> <span class='ocrx_word' id='word_1_339' title='bbox 1581 2731 1917 2799; x_wconf 82' lang='lat' dir='ltr'><strong>repressissent3</strong></span> 
     </span>
     <span class='ocr_line' id='line_1_43' title="bbox 276 2789 1921 2860; baseline -0.002 -25"><span class='ocrx_word' id='word_1_340' title='bbox 276 2801 382 2836; x_wconf 88' lang='lat' dir='ltr'><strong>sunt</strong></span> <span class='ocrx_word' id='word_1_341' title='bbox 405 2795 524 2838; x_wconf 91' lang='lat' dir='ltr'><strong>enim</strong></span> <span class='ocrx_word' id='word_1_342' title='bbox 547 2810 704 2837; x_wconf 85' lang='lat' dir='ltr'><strong>omnes</strong></span> <span class='ocrx_word' id='word_1_343' title='bbox 726 2795 862 2838; x_wconf 83' lang='lat' dir='ltr'><strong>huius</strong></span> <span class='ocrx_word' id='word_1_344' title='bbox 886 2795 1072 2839; x_wconf 89' lang='lat' dir='ltr'><strong>uiuendi</strong></span> <span class='ocrx_word' id='word_1_345' title='bbox 1101 2795 1222 2838; x_wconf 90' lang='lat' dir='ltr'><strong>modi</strong></span> <span class='ocrx_word' id='word_1_346' title='bbox 1253 2803 1465 2848; x_wconf 88' lang='lat' dir='ltr'><strong>tanquam</strong></span> <span class='ocrx_word' id='word_1_347' title='bbox 1498 2792 1663 2860; x_wconf 88' lang='lat' dir='ltr'><strong>proprii</strong></span> <span class='ocrx_word' id='word_1_348' title='bbox 1690 2789 1921 2847; x_wconf 88' lang='lat' dir='ltr'><strong>perpetui-</strong></span> 
     </span>
     <span class='ocr_line' id='line_1_44' title="bbox 275 2850 1919 2910; baseline -0.002 -16"><span class='ocrx_word' id='word_1_349' title='bbox 275 2866 364 2906; x_wconf 90' lang='lat' dir='ltr'><strong>que</strong></span> <span class='ocrx_word' id='word_1_350' title='bbox 387 2854 626 2898; x_wconf 77' lang='lat' dir='ltr'><strong>Societatis</strong></span> <span class='ocrx_word' id='word_1_351' title='bbox 650 2854 1023 2910; x_wconf 88' lang='lat' dir='ltr'><strong>appetentissimi</strong></span> <span class='ocrx_word' id='word_1_352' title='bbox 1052 2855 1179 2897; x_wconf 89' lang='lat' dir='ltr'><strong>Missi</strong></span> <span class='ocrx_word' id='word_1_353' title='bbox 1204 2869 1258 2909; x_wconf 78' lang='lat'><strong>30</strong></span> <span class='ocrx_word' id='word_1_354' title='bbox 1281 2860 1389 2897; x_wconf 86' lang='lat' dir='ltr'><strong>sunt</strong></span> <span class='ocrx_word' id='word_1_355' title='bbox 1412 2852 1560 2895; x_wconf 88' lang='lat' dir='ltr'><strong>uarias</strong></span> <span class='ocrx_word' id='word_1_356' title='bbox 1583 2850 1788 2906; x_wconf 52' lang='lat' dir='ltr'><strong>infiregni</strong></span> <span class='ocrx_word' id='word_1_357' title='bbox 1816 2864 1919 2905; x_wconf 89' lang='lat' dir='ltr'><strong>par—</strong></span> 
     </span>
     <span class='ocr_line' id='line_1_45' title="bbox 278 2909 1918 2980; baseline -0.001 -28"><span class='ocrx_word' id='word_1_358' title='bbox 278 2918 361 2965; x_wconf 84' lang='lat' dir='ltr'><strong>tes,</strong></span> <span class='ocrx_word' id='word_1_359' title='bbox 388 2913 553 2979; x_wconf 85' lang='lat' dir='ltr'><strong>quibus</strong></span> <span class='ocrx_word' id='word_1_360' title='bbox 576 2929 667 2956; x_wconf 90' lang='grc'><strong>11011</strong></span> <span class='ocrx_word' id='word_1_361' title='bbox 690 2916 935 2957; x_wconf 87' lang='lat' dir='ltr'><strong>defuerunt</strong></span> <span class='ocrx_word' id='word_1_362' title='bbox 965 2914 1228 2980; x_wconf 87' lang='lat' dir='ltr'><strong>occasiones</strong></span> <span class='ocrx_word' id='word_1_363' title='bbox 1257 2913 1476 2970; x_wconf 90' lang='lat' dir='ltr'><strong>plurimae</strong></span> <span class='ocrx_word' id='word_1_364' title='bbox 1504 2909 1918 2975; x_wconf 89' lang='lat' dir='ltr'><strong>mortificationum,</strong></span> 
     </span>
     <span class='ocr_line' id='line_1_46' title="bbox 278 2968 1919 3029; baseline 0.003 -19"><span class='ocrx_word' id='word_1_365' title='bbox 278 2971 599 3025; x_wconf 81' lang='lat' dir='ltr'><strong>conuitiorum,</strong></span> <span class='ocrx_word' id='word_1_366' title='bbox 638 2973 941 3025; x_wconf 88' lang='lat' dir='ltr'><strong>uinculorum,</strong></span> <span class='ocrx_word' id='word_1_367' title='bbox 979 2973 1024 3015; x_wconf 91' lang='lat' dir='ltr'><strong>in</strong></span> <span class='ocrx_word' id='word_1_368' title='bbox 1059 2989 1175 3029; x_wconf 90' lang='lat' dir='ltr'><strong>quae</strong></span> <span class='ocrx_word' id='word_1_369' title='bbox 1208 2972 1604 3028; x_wconf 70' lang='lat' dir='ltr'><strong>nonnilllilparun]</strong></span> <span class='ocrx_word' id='word_1_370' title='bbox 1637 2968 1781 3013; x_wconf 81' lang='lat' dir='ltr'><strong>abfuit</strong></span> <span class='ocrx_word' id='word_1_371' title='bbox 1810 2983 1919 3022; x_wconf 78' lang='lat' dir='ltr'><strong>qum</strong></span> 
     </span>
     <span class='ocr_line' id='line_1_47' title="bbox 278 3030 1917 3088; baseline 0.001 -18"><span class='ocrx_word' id='word_1_372' title='bbox 278 3030 501 3074; x_wconf 81' lang='lat' dir='ltr'><strong>coniicere</strong></span> <span class='ocrx_word' id='word_1_373' title='bbox 506 3040 627 3085; x_wconf 90' lang='lat' dir='ltr'><strong>ntur,</strong></span> <span class='ocrx_word' id='word_1_374' title='bbox 657 3040 870 3088; x_wconf 88' lang='lat' dir='ltr'><strong>tanquam</strong></span> <span class='ocrx_word' id='word_1_375' title='bbox 896 3048 1079 3076; x_wconf 90' lang='lat' dir='ltr'><strong>errones</strong></span> <span class='ocrx_word' id='word_1_376' title='bbox 1101 3041 1146 3075; x_wconf 89' lang='lat' dir='ltr'><strong>et</strong></span> <span class='ocrx_word' id='word_1_377' title='bbox 1170 3033 1309 3076; x_wconf 90' lang='lat' dir='ltr'><strong>ociosi</strong></span> <span class='ocrx_word' id='word_1_378' title='bbox 1332 3031 1552 3084; x_wconf 88' lang='lat' dir='ltr'><strong>homines,</strong></span> <span class='ocrx_word' id='word_1_379' title='bbox 1579 3036 1917 3082; x_wconf 85' lang='lat' dir='ltr'><strong>cessatoresque</strong></span> 
     </span>
     <span class='ocr_line' id='line_1_48' title="bbox 278 3089 1201 3148; baseline 0.002 -16"><span class='ocrx_word' id='word_1_380' title='bbox 278 3089 583 3144; x_wconf 77' lang='lat' dir='ltr'><strong>perditissimi,</strong></span> <span class='ocrx_word' id='word_1_381' title='bbox 612 3091 902 3148; x_wconf 87' lang='lat' dir='ltr'><strong>laborisque</strong></span> <span class='ocrx_word' id='word_1_382' title='bbox 892 3091 1201 3136; x_wconf 80' lang='lat' dir='ltr'><strong>inimicissimi.</strong></span> 
     </span>
    </p>
   </div>
  </div>
 </body>
</html>
