2038 3313
837 249 851 274 1
858 248 963 285 507-1
971 240 1040 284 560
1715 242 1762 278 33

111 345 206 387 lese
234 344 613 399 accompagnarlo
650 357 729 398 per
766 341 959 384 aiutarlo
997 342 1072 384 nel
1100 341 1294 383 concilio
1324 340 1586 393 tridentino,
1618 357 1697 398 per
1734 343 1764 384 il

113 422 247 476 quale
268 420 299 462 il
320 421 504 463 sudetto
527 419 754 463 cardinale
783 433 860 462 era
888 418 1116 461 destinato
1139 419 1292 475 legato
1320 434 1347 461 a
1368 419 1509 461 latere
1537 419 1611 461 del
1639 434 1766 462 somo

114 498 354 554 pontefice.
382 498 561 550 Natale,
587 511 724 539 senza
745 495 824 551 pisi
847 495 1102 552 indugiare,
1129 495 1371 538 abbraccio
1400 496 1429 537 l'
1461 495 1716 547 occasione,
1743 511 1768 539 e

115 590 165 619 se
187 589 246 618 ne
267 589 418 617 venne
441 590 467 617 a
489 576 647 617 Roma.

213 665 280 706 14.
347 652 564 695 Arriuato
587 653 672 694 che
697 652 745 693 fu
767 651 930 694 Natale
959 653 984 693 a
1013 651 1157 692 Roma
1187 651 1216 692 l’
1250 666 1387 702 anno,
1419 665 1548 693 come
1577 651 1635 693 da
1667 651 1767 693 altri

114 729 360 781 1101111650,
398 740 508 783 1547
536 730 565 780 ¹,
593 729 711 771 ando
749 727 888 770 dritto
920 730 946 770 a
973 728 1235 770 scaualcare
1268 727 1314 769 in
1344 742 1449 770 casa
1476 728 1550 770 del
1583 729 1768 770 sudetto

115 806 343 849 cardinale
369 809 515 849 Puteo
539 807 571 857 ²,
599 806 732 860 quale
754 805 785 846 li
809 805 907 847 fece
929 805 1104 860 grande
1127 804 1436 860 accoglienza,
1469 812 1514 847 et
1542 819 1623 860 per
1653 812 1721 848 tre
1743 819 1770 847 o

116 891 278 940 quatro
302 883 451 939 giorni
475 885 507 934 ⁵,
534 885 621 926 che
644 882 689 924 ui
713 890 845 933 stete,
872 895 1049 937 sempre
1076 882 1119 924 lo
1150 882 1348 924 uuoleua
1377 883 1547 924 hauere
1576 896 1770 925 60115660

117 977 143 1004 3
166 962 333 1004 tauola.

212 1049 278 1092 15.
345 1040 436 1089 Ma,
457 1052 588 1080 come
605 1053 631 1080 a
649 1037 812 1080 Natale
829 1051 1044 1092 premeua
1061 1037 1092 1078 il
1109 1036 1335 1079 desiderio
1353 1037 1470 1079 della
1493 1036 1646 1092 quiete
1662 1038 1768 1079 dell’

118 1115 268 1158 animo
297 1130 396 1166 suo,
428 1114 597 1170 passati
635 1114 739 1168 quei
777 1114 912 1169 pochi
944 1113 1110 1170 giorni,
1154 1115 1251 1157 fece
1279 1113 1508 1170 diligenza
1538 1113 1584 1156 di
1613 1129 1771 1170 sapere

119 1194 238 1236 doue
260 1192 289 1233 11
314 1194 367 1234 P.
394 1191 573 1248 Ignatio
598 1192 737 1243 fusse,
765 1198 811 1233 et
840 1192 1096 1234 uenendolo
1126 1207 1152 1234 a
1182 1199 1363 1234 trouare
1392 1191 1470 1246 qui
1502 1192 1589 1233 alla
1617 1198 1772 1234 nostra

119 1285 225 1313 casa
246 1270 465 1326 professa,
492 1269 611 1311 nella
633 1268 789 1324 piazza
811 1269 857 1310 d’
888 1268 1067 1320 Anien,
1101 1284 1193 1311 non
1220 1270 1406 1311 lontano
1434 1269 1553 1311 della
1574 1276 1706 1325 porta
1726 1268 1771 1310 di

118 1347 270 1403 quella
294 1347 425 1389 trouo
448 1345 494 1387 in
517 1345 672 1401 piazza
694 1345 724 1387 11
757 1348 809 1388 P.
837 1345 1104 1389 Hieronimo
1136 1348 1418 1398 Domenech‚
1450 1347 1509 1388 da
1537 1346 1601 1388 lui
1633 1347 1773 1389 molto

117 1427 208 1467 ben
230 1423 497 1467 conosciuto
520 1423 567 1464 in
591 1422 796 1479 Pariggi,
823 1422 854 1465 il
871 1424 1020 1478 quale,
1043 1437 1171 1466 come
1196 1424 1210 1443 4
1231 1423 1335 1466 uide
1353 1424 1395 1466 31
1413 1431 1610 1466 maestro
1629 1425 1771 1466 Nata-

118 1503 175 1557 le,
197 1516 283 1544 con
305 1503 436 1557 gran’
463 1501 716 1556 allegrezza
732 1501 776 1543 lo
793 1501 958 1551 saluto,
980 1508 1026 1543 et
1043 1500 1211 1552 subito,
1233 1503 1356 1543 senz’
1378 1500 1479 1543 altri
1502 1500 1769 1557 preambuli,

119 1578 397 1636 pigliandolo
421 1593 500 1633 per
522 1577 552 1619 il
574 1578 805 1630 mantello,
831 1577 861 1619 11
879 1577 1055 1620 diceua:
1087 1578 1342 1621 «Andiamo
1366 1594 1392 1620 a
1416 1579 1509 1621 fare
1526 1579 1555 1620 1¹
1582 1578 1773 1621 6556161-

120 1656 215 1699 tii.»
242 1657 405 1699 Natale
427 1655 457 1697 11
480 1655 617 1698 (11556;
648 1655 920 1698 «Menatemi
943 1656 1017 1698 dal
1042 1658 1094 1698 P.
1122 1655 1346 1712 Ignatio.»
1375 1657 1409 1698 Il
1434 1658 1486 1698 P.
1507 1657 1772 1698 Domenech

118 1735 163 1776 lo
176 1735 288 1776 fece.
312 1734 489 1785 Natale‚
512 1733 723 1775 uedendo
741 1732 771 1774 11
791 1735 842 1775 Ρ.
866 1733 1060 1789 Ignatio,
1083 1733 1112 1774 li
1131 1733 1267 1776 disse:
1294 1735 1389 1776 «De
1408 1733 1512 1788 quei
1530 1732 1770 1789 compagni

119 1811 165 1853 di
188 1813 245 1854 V.
269 1813 321 1853 R.
344 1813 429 1853 che
446 1824 703 1852 conosceuo
721 1809 766 1851 in
787 1810 993 1866 Pariggi,
1014 1810 1044 1851 11
1061 1810 1206 1866 primo
1224 1810 1284 1852 mi
1303 1812 1327 1853 e
1346 1826 1533 1853 occorso
1551 1811 1581 1852 il
1601 1813 1654 1853 P.
1675 1812 1773 1853 Do²

119 2001 254 2025 mense
274 1988 521 2031 Decembris,
542 1990 614 2023 sub
635 1989 739 2034 Julio
760 1989 829 2022 III.
857 1988 919 2023 Cf.
942 1989 1033 2023 MAS
1054 1989 1229 2032 LATRIE,
1257 1990 1400 2024 Tre'sor
1418 1991 1464 2024 de
1487 1989 1774 2036 Clu-omologie,

118 2050 191 2084 col.
217 2048 323 2083 1218.

192 2111 202 2130 ¹
254 2108 344 2142 Non
362 2119 463 2142 anno
485 2115 590 2152 1547,
610 2107 681 2142 sed
702 2116 806 2152 1545,
827 2109 991 2142 Romam
1016 2107 1247 2154 pervenisse
1272 2109 1353 2142 P.m
1370 2107 1493 2142 Nadal
1520 2114 1672 2143 certum
1698 2114 1773 2142 est.

118 2167 220 2203 Vide
239 2179 368 2214 supra,
397 2166 547 2201 Clzron.
569 2167 726 2209 Natal.‚
746 2180 785 2202 n.
806 2166 865 2202 36.
892 2167 1001 2202 Idem
1028 2167 1279 2202 confirmatur
1304 2180 1353 2202 ex
1378 2167 1497 2203 variis
1523 2168 1701 2214 epistolis
1725 2169 1775 2202 ab

120 2227 258 2262 eodem
276 2228 422 2261 Romae
442 2227 611 2262 exaratis
627 2232 718 2262 ante
736 2239 881 2261 annum
904 2235 1009 2271 1547,
1029 2238 1125 2273 quas
1144 2239 1215 2261 suo
1230 2226 1386 2273 proprio
1404 2229 1489 2262 loco
1508 2227 1703 2262 dabimus.

191 2290 205 2309 2
256 2288 365 2321 Haec
383 2297 461 2321 non
481 2287 638 2321 omnino
657 2287 895 2321 concordant
913 2298 1000 2321 cum
1027 2287 1090 2330 iis,
1109 2299 1209 2333 quae
1235 2287 1275 2321 in
1300 2297 1370 2321 suo
1398 2287 1597 2322 Chronico
1622 2288 1779 2334 scripsit

121 2347 259 2382 Nadal.
279 2346 381 2381 Vide
400 2357 530 2392 supra,
554 2346 703 2381 Clzron.
721 2346 878 2388 Natal.,
900 2359 938 2381 n.
960 2345 1018 2391 37.

195 2408 208 2427 ⁵
258 2407 342 2441 Imo
366 2416 459 2440 vero
489 2405 535 2440 30
565 2406 704 2441 diebus
730 2406 770 2441 in
795 2406 899 2443 illius
925 2406 1039 2440 domo
1070 2406 1291 2453 hospitatus
1319 2413 1394 2450 est,
1421 2412 1463 2441 ut
1488 2407 1573 2453 ipse
1597 2406 1720 2442 refert
1739 2407 1779 2442 in

126 2466 292 2507 Chron„
313 2478 351 2499 n.
371 2474 430 2510 41.

193 2527 208 2547 ⁴
258 2526 351 2560 Post
369 2526 442 2560 hoc
461 2526 627 2560 verbum
645 2526 742 2560 haec
766 2525 873 2572 prius
903 2526 1115 2572 scripserat
1139 2526 1334 2571 Jimenez,
1360 2538 1459 2573 quae
1486 2531 1624 2572 postea
1655 2532 1779 2561 trans-

120 2595 234 2620 verso
251 2585 400 2619 calamo
418 2586 634 2620 cancellata
653 2591 755 2620 sunt:
779 2597 912 2620 «come
931 2586 963 2620 il
977 2587 1114 2632 primo
1139 2586 1204 2621 dei
1228 2587 1420 2633 discepoli
1438 2586 1503 2621 del
1527 2586 1576 2620 P.
1597 2586 1780 2633 Ignatzo,

111 2644 236 2690 fuori
265 2644 364 2678 delli
387 2645 493 2679 diece
522 2645 752 2691 compagni‚
779 2657 805 2679 a
831 2645 946 2690 quali
970 2657 1052 2679 non
1074 2645 1133 2691 fu
1156 2648 1395 2686 anouerato,
1423 2645 1567 2692 perche}
1598 2657 1679 2679 non
1708 2657 1781 2679 era

117 2715 269 2738 ancora
287 2705 505 2745 sacerdote,
525 2715 574 2738 ne
591 2705 753 2738 Izaueua
771 2704 799 2738 l’
819 2704 884 2738 etei
908 2707 987 2750 per
1004 2716 1131 2739 essere
1162 2704 1324 2750 quando
1347 2704 1403 2751 fu
1422 2705 1540 2750 satta
1572 2705 1614 2738 Za
1634 2705 1775 2750 prima

116 2763 424 2810 confirmatione
443 2764 521 2798 del'
542 2764 699 2798 istituto
723 2764 832 2799 della
860 2763 1156 2811 compagum.»
1177 2765 1227 2798 Et
1244 2776 1286 2798 re
1305 2764 1465 2810 quidem
1486 2775 1579 2798 vera
1604 2775 1683 2798 non
1703 2764 1779 2797 Do-

120 2824 284 2857 menech
304 2823 374 2857 sed
393 2823 533 2858 Strada
552 2823 700 2870 primus
720 2828 808 2870 post
825 2824 964 2858 decem
982 2823 1129 2870 primos
1155 2823 1300 2870 Ignatii
1326 2824 1453 2859 socios
1478 2823 1517 2858 in
1536 2823 1778 2858 Societatem

120 2882 293 2917 adscitus
312 2882 400 2927 fuit,
421 2895 510 2917 nam
530 2895 665 2918 mense
686 2883 794 2928 Junii
823 2882 914 2928 1539
934 2883 1015 2929 jam
1040 2883 1244 2929 ingressus
1269 2884 1412 2927 fuerat,
1441 2889 1483 2918 ut
1508 2895 1556 2918 ex
1582 2883 1667 2928 ejus
1699 2884 1778 2928 epiu

117 2941 223 2976 stola
251 2941 326 2975 hoc
345 2953 479 2976 mense
504 2941 553 2976 ad
584 2942 780 2987 Ignatium
811 2942 903 2977 data
927 2942 1089 2977 eruitur.
1119 2942 1220 2977 Vide
1247 2944 1380 2988 Epist.
1402 2943 1566 2983 Illixtczs,
1595 2943 1626 2985 Ι,
1656 2951 1777 2986 19—22.

125 3001 352 3035 Domenech
370 3012 463 3035 vero
490 3001 530 3035 in
554 3006 740 3036 autumno
772 3001 896 3048 ipsius
928 3001 1019 3036 anni
1044 3001 1286 3038 Societatem
1317 3002 1419 3047 iniit,
1449 3008 1491 3036 ut
1522 3003 1645 3037 habes
1675 3002 1779 3047 apud

126 3060 346 3106 POLANco,
369 3059 533 3096 Clzron..
555 3062 586 3104 Ι,
606 3060 665 3104 82,
685 3073 723 3095 n.
748 3070 803 3096 12.

310 3130 420 3158 Emsr.
445 3131 478 3158 P.
500 3131 636 3166 NADAL,
656 3139 732 3161 τοΜ.
750 3131 775 3160 1.
1564 3134 1581 3159 3
