2038 3313
215 217 287 264 358
795 217 934 251 EPIST.
963 215 1007 250 P.
1035 214 1284 260 NADAL-—98

217 333 380 365 escusa
400 318 448 362 ni
470 318 854 376 ynconbeniente,
880 323 1041 373 acepte
1063 317 1121 361 de
1142 315 1272 362 venir
1299 323 1398 360 esta
1418 315 1629 372 jornada,
1655 329 1761 371 que,
1786 315 1873 360 de-

218 401 315 442 mas
337 398 410 442 del
433 412 548 454 gran
569 396 676 441 bien
698 411 788 452 que
810 411 868 441 en
885 395 972 439 ella
1007 395 1134 447 hara,
1171 394 1222 453 el>
1244 400 1382 439 senor
1418 394 1574 449 duque
1600 393 1658 437 de
1685 392 1879 437 Medinat

219 475 449 530 resceujra
470 489 581 531 muy
603 489 719 531 gran
740 472 939 529 merced,
964 486 995 528 y
1016 486 1075 528 yo
1096 471 1141 515 la
1167 485 1326 526 mayor
1353 485 1443 526 que
1470 470 1631 527 podria
1659 483 1869 514 encares-

220 566 312 607 cer.
338 553 380 595 Y
402 566 578 608 porque
600 565 760 607 espero
784 564 874 606 que
896 563 956 592 no
978 551 1152 605 megara
1173 562 1279 592 cosa
1302 555 1380 591 tan
1395 548 1522 604 justa
1537 563 1567 604 y
1585 554 1663 590 tan
1683 560 1873 602 necces-

221 629 356 685 saria,
381 645 443 673 no
465 629 562 673 dire
584 633 681 672 mas
703 644 758 673 en
783 634 878 672 esta
902 627 961 671 de
977 640 1114 683 rogar
1136 629 1162 669 a
1183 632 1373 670 nuestro
1391 625 1539 670 Sefior
1556 638 1610 668 su
1629 638 1738 680 muy
1755 624 1876 667 Rda„

223 722 418 764 persona
440 707 616 764 guarde
638 720 768 749 como
790 705 834 747 lo
857 705 1033 749 dessea.

313 786 385 829 De
406 785 622 842 Napoles,
648 788 674 827 a
702 796 753 840 19
776 783 833 827 de
857 783 1038 838 Agosto
1064 791 1193 836 1552.

709 860 940 915 Servydor
961 859 1019 903 de
1037 844 1095 903 V.
1117 874 1198 911 m.,

1009 938 1067 980 D.
1094 937 1310 989 SANCHO,
1337 950 1387 979 M.
1414 949 1478 980 DE
1503 935 1687 978 LEYVA.

320 1017 566 1073 Inscripiio
608 1018 658 1059 in
702 1019 868 1072 quarta
903 1015 1116 1071 pagina:
1159 1012 1189 1071 †
1232 1014 1293 1057 Al
1331 1027 1442 1069 muy
1478 1013 1592 1056 Rdo.
1633 1012 1796 1063 Senos,
1840 1010 1888 1053 61Δ

235 1097 289 1138 Ρ.
316 1096 452 1138 Mtro.
478 1094 640 1138 Nadal.
668 1095 738 1136 En
762 1095 921 1136 Roma.

335 1172 588 1229 Vestigium
612 1171 775 1228 sigilli.

1026 1370 1110 1410 98

792 1473 836 1507 Ρ.
866 1471 1106 1518 JACOBUS
1134 1471 1329 1506 LAINEZ

669 1571 728 1612 Ρ.
765 1568 1195 1612 HIERONYMO
1229 1567 1475 1610 NADAL

702 1679 889 1730 Romae,
916 1677 943 1720 6
965 1674 1240 1721 Novembris
1268 1675 1380 1730 1560
1406 1675 1436 1717 ¹.

878 1778 1053 1814 Litterae
1079 1781 1276 1825 patentes.

321 1869 604 1906 commissarii
618 1870 827 1918 generalis
845 1880 995 1904 mimus
1007 1870 1086 1915 pro
1104 1866 1347 1913 Hispaniae,
1371 1864 1549 1905 Galliae,
1573 1862 1823 1899 Germaniae

533 1933 569 1965 et
588 1930 734 1965 Italiae
749 1930 975 1977 provinciis
993 1927 1116 1963 Patri
1134 1926 1272 1962 Nadal
1290 1925 1567 1961 demandatur
1584 1924 1612 1958 ².

333 2026 535 2084 Jacobus
557 2026 757 2081 LayneZ,
798 2022 1042 2069 Societatis
1064 2023 1178 2079 Jesu
1205 2019 1492 2077 praepositus
1526 2017 1754 2075 generalis
1791 2017 1903 2058 cha-

253 2103 431 2146 rissimo
452 2102 500 2145 in
523 2101 706 2146 Christo
729 2101 856 2146 fratri
873 2099 1049 2143 doctori
1067 2098 1350 2154 Hieronymo
1367 2096 1536 2149 Natali,
1556 2093 1781 2140 sacerdoti
1796 2107 1907 2150 pro-

331 2273 341 2292 ¹
392 2271 451 2305 Ex
469 2270 722 2316 palimpsesto
739 2281 760 2303 a
784 2269 828 2304 P.
854 2268 1026 2303 Polanco
1051 2265 1279 2310 emendatO,
1298 2263 1339 2300 in
1358 2264 1453 2309 voI.‚
1473 2263 1537 2299 cui
1564 2262 1702 2299 titulus
1732 2260 1915 2296 Litterae·

250 2334 447 2379 patentes,
466 2339 653 2375 1545-99‚
673 2328 820 2376 duplici
837 2327 921 2372 fol„
941 2331 1030 2374 post
1049 2326 1116 2361 fol.
1137 2335 1196 2360 20.

326 2393 340 2412 2
392 2390 508 2425 «XIV
524 2389 719 2425 Kalendas
735 2387 967 2423 Decembris
983 2387 1174 2433 Jacobum
1189 2385 1432 2430 Ximenium‚
1447 2383 1514 2430 qui
1529 2382 1683 2418 emissis
1698 2380 1817 2426 votis,
1835 2375 1912 2415 etsi

258 2450 431 2486 nondum
449 2455 604 2496 sumpto
622 2448 772 2483 vestitu
791 2446 1016 2488 Societatis,
1037 2445 1077 2481 in
1096 2444 1276 2490 Collegio
1297 2442 1533 2480 Germanico
1552 2442 1710 2488 agebat,
1735 2440 1785 2475 ad
1807 2440 1911 2475 litte-

257 2522 336 2556 ras,
355 2514 395 2544 et
413 2509 516 2555 quod
534 2519 630 2555 opus
649 2508 750 2544 foret
769 2506 1020 2543 scribendum
1039 2505 1185 2540 auxilio
1209 2504 1385 2539 :futurum
1404 2502 1589 2538 comitem
1613 2501 1775 2545 ducens,
1793 2500 1912 2535 Nata-

259 2570 306 2606 lis
331 2570 455 2604 Roma
483 2568 679 2612 discessit,
709 2572 919 2603 veneratus
945 2571 1037 2601 ante
1062 2564 1309 2610 Pontificem,
1333 2563 1540 2609 faustaque
1565 2562 1650 2597 eius
1670 2559 1919 2607 precatione,

259 2641 306 2665 ac
345 2628 488 2665 litteris
526 2628 574 2663 ad
613 2628 837 2674 Philippum
876 2627 1028 2672 Regem
1068 2623 1398 2660 commendatitiis
1439 2627 1612 2657 ornatus.
1632 2634 1649 2654 »
1692 2621 1919 2662 SACCH1N1,.

262 2690 370 2724 Hist.
392 2689 493 2730 Soc„
513 2693 613 2734 part.
633 2688 685 2733 ΙΙ,
704 2689 772 2723 lib.
792 2695 848 2731 lv,
868 2699 907 2721 n.
932 2686 1012 2731 196.
1033 2686 1142 2731 Quas
1157 2683 1316 2731 quidem
1331 2682 1527 2729 pontificis
1542 2682 1708 2725 litteras,
1724 2691 1813 2715 cum
1828 2678 1914 2713 aliis

259 2747 507 2784 documentis
526 2747 574 2782 ad
591 2748 691 2782 hanc
715 2746 842 2782 Patris
867 2745 992 2780 Nadal
1021 2743 1249 2779 missionem
1274 2742 1566 2789 spectantibus,
1591 2741 1654 2775 hic
1679 2741 1914 2775 subnectere

268 2820 397 2843 Visum
416 2813 491 2845 est.

380 2898 553 2932 Litterae
572 2895 925 2933 commendatitiae
943 2892 1094 2929 summi
1106 2892 1314 2939 pontificis
1332 2892 1386 2926 ad
1403 2902 1540 2938 regem
1559 2889 1813 2935 Philippum.
1844 2905 1846 2907 ·
1875 2903 1879 2905 -

272 3011 283 3015 >
341 2986 604 3022 «Charissimo
617 2986 657 3021 in
672 2986 828 3022 Christo
842 2984 922 3020 filio
936 2988 1070 3019 nostro
1081 2981 1261 3028 Philippo
1274 2979 1550 3028 Hispaniarum
1562 2977 1646 3024 regi
1660 2977 1919 3013 catholico.—

273 3046 512 3081 charissime
531 3046 570 3081 in
589 3045 746 3081 Christo
765 3044 819 3080 fili
838 3048 985 3079 noster.
1002 3043 1197 3086 Salutem,
1214 3046 1290 3076 ete.
1307 3039 1493 3076 Memoria
1511 3044 1707 3081 tenemus,
1726 3048 1843 3084 quam
1861 3035 1920 3070 di-
