2038 3313
626 189 779 224 PATRxs
807 186 958 223 NADAL
985 194 1161 223 sempr&
1665 193 1718 221 xv

77 295 293 338 ctionibus
310 298 350 338 et
366 296 550 338 monitis
576 296 605 347 ¹,
631 292 919 350 particularia
935 291 1128 348 plurima
1145 291 1202 334 de
1219 289 1356 333 modo
1373 289 1574 345 perfecte
1591 304 1717 333 exse-

77 373 245 428 quendi
282 388 351 427 ea,
386 388 503 429 quae
530 374 701 416 Romae
727 371 783 414 ab
813 370 912 426 ipso
941 368 1119 426 Ignatio
1152 374 1416 424 exceperat,
1448 367 1520 410 vel
1548 366 1595 409 in
1623 368 1721 422 ejus

78 450 278 494 moribus
310 458 356 495 et
388 450 594 495 familiari
622 463 874 506 congressu
902 448 1240 498 observaverat,
1266 445 1339 488 vel
1361 444 1495 487 etiam
1519 443 1566 486 in
1587 445 1721 487 domo

50 515 56 520 ,
75 536 121 572 et
143 529 347 586 collegiis
369 528 566 572 romanis
590 529 645 570 ab
668 526 765 584 ipso
788 525 1050 568 institutore
1071 522 1312 568 Societatis
1335 530 1506 565 statuta
1528 537 1722 579 conspe—

76 614 217 660 xerat,
238 622 413 651 summa
435 606 655 650 fidelitate
676 603 877 661 exponit,
904 601 1199 658 moribusque
1221 601 1445 656 cujusque
1462 599 1723 657 provinciae

77 693 122 728 et
145 685 345 742 regionis
369 684 711 729 accommodare
738 681 922 738 satagit.

167 763 288 807 Hinc
312 761 443 807 facile
464 761 734 818 intelligitur
757 775 838 804 cur
861 766 1037 802 tantum
1055 756 1268 814 ponderis
1286 763 1331 799 et
1349 756 1632 800 auctoritatis
1654 756 1724 800 his

79 841 230 885 Patris
252 842 399 886 Nadal
420 839 831 891 Admonitiom'bus,
856 844 900 881 et
922 836 1058 880 etiam
1081 835 1274 878 Sclzoliis
1299 836 1348 877 in
1375 835 1724 878 Constitutiones

76 923 118 962 et
145 920 502 972 Declarationes,
537 917 745 961 tribuerit
773 915 976 960 secunda
1004 912 1304 969 congregatio
1331 912 1574 969 generalis,
1608 927 1725 968 quae

78 997 276 1053 quidem,
302 997 372 1040 sin
395 997 544 1040 minus
567 994 852 1052 obligatoria,
879 1000 924 1036 at
947 999 1069 1036 certe
1092 991 1148 1034 ad
1171 990 1466 1034 directionem
1485 991 1616 1033 valde
1634 990 1723 1032 uti—

77 1075 137 1118 lia
159 1077 271 1118 haec
287 1076 561 1118 documenta
578 1072 825 1117 declaravit
898 1071 1012 1114 Illud
1030 1077 1264 1126 praeterea
1281 1084 1336 1112 ex
1354 1068 1424 1111 his
1442 1067 1603 1112 melius
1621 1083 1724 1124 per-

81 1153 284 1210 spicitur,
311 1168 392 1196 cur
413 1152 586 1196 scilicet
615 1150 700 1208 ipsi
729 1148 973 1207 praepositi
1003 1148 1240 1205 generales
1269 1154 1314 1191 et
1342 1145 1726 1203 congregationes

81 1230 128 1274 in
154 1231 303 1273 dubiis
334 1245 386 1274 ac
414 1228 759 1273 difficultatibus
789 1226 1081 1278 extricandis,
1114 1240 1231 1281 quae
1259 1224 1425 1281 passim
1455 1224 1574 1267 circa
1602 1224 1726 1267 varia

80 1306 250 1365 puncta
271 1307 649 1352 constitutionum
671 1305 988 1357 occurrebant,
1015 1303 1196 1359 saepius
1219 1305 1331 1346 haec
1354 1302 1547 1355 Scholia,
1571 1310 1617 1345 et
1645 1304 1726 1345 has

81 1388 422 1430 Adwszonitiones
460 1386 765 1436 consulerent,
808 1384 1029 1440 pluraque
1065 1383 1123 1425 ad
1162 1381 1311 1424 Patris
1349 1381 1496 1424 Nadal
1528 1388 1723 1424 mentem

81 1473 349 1510 statuerent.

171 1544 321 1597 Adde,
347 1544 469 1600 quod
491 1541 734 1600 praepositi
757 1540 1011 1598 generaleS,
1038 1538 1115 1595 qui
1139 1546 1241 1595 post-
1263 1537 1491 1595 Ignatium
1521 1537 1726 1581 Societa-

82 1621 138 1665 tis
161 1622 472 1679 gubernacula
494 1627 810 1676 susceperunt,
843 1618 889 1661 in
921 1616 1299 1669 ordinationibus,
1336 1615 1523 1673 regulis,
1556 1615 1728 1658 instru—

81 1699 323 1753 ctionibus,
351 1699 517 1755 quibus
539 1712 704 1754 corpus
731 1695 927 1739 instituti
957 1694 1199 1740 Societatis
1222 1696 1333 1752 Jesu
1363 1694 1722 1750 compleverunt,

82 1779 223 1821 multa
245 1793 299 1821 ex
323 1777 501 1834 scriptis
526 1779 577 1821 P.
605 1776 751 1820 Nadal
774 1776 831 1818 ad
853 1774 1064 1825 litteram,
1090 1774 1221 1829 plura
1244 1772 1449 1815 nonnihil
1471 1771 1723 1820 immutata,

82 1857 153 1899 vel
191 1855 449 1899 accuratius
476 1854 646 1908 limata,
679 1868 760 1896 seu
790 1852 1043 1904 imminuta,
1075 1852 1132 1894 ad
1161 1850 1300 1893 totius
1336 1849 1579 1894 Societatis
1606 1849 1726 1892 dire*

80 1934 276 1977 ctionem
319 1934 711 1990 deprompserunt.
766 1931 903 1987 Quod
953 1929 1135 1985 quidem
1186 1927 1339 1971 statim
1384 1928 1540 1984 patefit
1583 1926 1728 1970 cuivis

81 2012 332 2056 conferenti
354 2027 398 2054 v.
426 2025 472 2067 g.
500 2010 682 2067 regulas
705 2007 1078 2052 scholasticorum
1102 2006 1147 2049 in
1172 2007 1384 2048 Instituto
1413 2004 1722 2061 consignataS,

80 2106 183 2135 cum
216 2089 461 2133 fusioribus
492 2087 664 2145 regulis
693 2103 718 2130 a
746 2087 893 2130 Nadal
922 2086 967 2128 in
996 2084 1155 2128 codice
1187 2084 1516 2127 Instructiones
1544 2075 1726 2126 insertis

80 2170 164 2212 sub
182 2171 268 2211 hoc
286 2167 432 2210 titulo:
459 2168 575 2210 «Pro
593 2164 843 2209 scolaribus
861 2163 1127 2208 Societatis»
1151 2164 1183 2216 3;
1204 2163 1277 2205 vel
1295 2162 1478 2218 regulas
1495 2160 1724 2204 variorum

81 2245 382 2303 superiorum,
408 2259 512 2287 cum
535 2243 636 2296 illis,
665 2257 782 2298 quae
810 2241 856 2284 in
885 2242 1044 2285 eodem
1073 2240 1230 2284 codice
1258 2240 1315 2282 de
1337 2241 1424 2282 hoc
1455 2246 1726 2295 argumento

80 2323 382 2381 reperiuntur.
417 2323 538 2365 Idem
567 2322 623 2364 de
654 2320 828 2364 ratione
856 2318 1110 2362 studiorum
1140 2326 1184 2361 et
1214 2319 1271 2361 de
1303 2316 1416 2369 aliis,
1455 2331 1572 2372 quae
1604 2330 1726 2358 nunc

84 2401 293 2458 persequi
316 2415 408 2444 non
430 2406 578 2452 vacat,
604 2398 755 2442 dicere
777 2411 1030 2455 possemus.
1707 2401 1714 2405 '

174 2482 332 2523 Restat
354 2486 404 2522 ut
426 2479 484 2521 de
505 2476 683 2534 scriptis
706 2476 978 2532 quibusdam
1001 2473 1297 2532 apologeticis
1314 2472 1581 2517 brevissime
1602 2472 1726 2515 dica--

83 2572 199 2610 mus,
227 2571 344 2613 quae
360 2555 494 2599 etiam
513 2569 593 2611 pro
612 2552 851 2599 Societatis
870 2551 1234 2595 institutionibus
1252 2549 1537 2594 vindicandis
1555 2551 1611 2593 ab
1629 2543 1733 2606 ipso

84 2637 136 2679 P.
164 2636 325 2688 Nadal,
352 2641 488 2691 prout
510 2631 688 2676 occasio
711 2639 756 2675 et
780 2638 958 2687 tempus
987 2631 1209 2682 ferebant,
1243 2629 1493 2685 composita
1515 2629 1721 2670 fuerunt.

81 2713 131 2755 In
153 2712 207 2755 iis
229 2712 521 2756 memoranda
542 2709 748 2763 veniunt,
781 2708 941 2765 primo,
973 2708 1198 2765 Apologia
1226 2708 1277 2749 in
1300 2707 1467 2749 librum
1492 2700 1725 2748 exercitio-

83 2805 203 2844 rum,
226 2805 379 2846 quam,
406 2790 463 2832 ad
485 2786 854 2845 impugnationes
883 2785 1053 2829 Fratris
1084 2785 1336 2837 Pedroche,
1372 2786 1430 2827 O.
1470 2786 1542 2835 R,
1569 2783 1725 2838 explo-

157 2918 167 2937 ¹
219 2915 317 2951 Cod.
339 2924 373 2960 5,
392 2916 430 2961 6,
450 2923 471 2960 7
491 2920 530 2950 et
549 2926 584 2960 9.

154 2977 168 2997 ’ἒ
218 2974 364 3021 Congr.
383 2976 436 3021 ΙΙ,
455 2974 560 3009 decr.
582 2974 626 3009 28
646 2980 684 3008 et
704 2983 762 3018 57.

157 3035 170 3054 ⁵
221 3033 318 3070 Cod.
337 3042 374 3078 7.
