2038 3313
629 217 868 253 EPISTOLAE
894 216 938 251 P.
967 215 1119 251 NADAL
1615 226 1699 252 xvn

853 373 893 397 ⁶)

855 398 893 414 ,Ὗ

469 478 802 519 EPISTOLAE
828 479 1047 520 PATRIS
1073 479 1286 519 NADAL

600 583 666 619 ET
695 583 767 618 AD
794 582 955 620 IPSUM
982 583 1165 618 DATAE

149 713 221 755 De
241 712 327 754 hac
354 710 470 754 serie
492 709 759 765 litterarum,
786 711 841 753 ad
862 712 915 753 P.
943 711 1089 754 Nadal
1111 709 1432 766 spectantium,
1454 710 1553 764 tria,
1575 711 1709 755 clari-

62 789 166 833 tatis
189 788 351 846 gratia,
378 804 404 831 a
426 788 557 831 nobis
578 787 652 831 hic
681 788 968 832 declaranda.
1002 801 1037 831 1.
1071 787 1253 843 Quibus
1282 787 1484 844 epistolis
1513 796 1706 833 constet.

64 880 105 910 2.
140 868 378 923 Quaenam
408 866 498 909 sint
527 881 681 909 earum
711 873 996 922 argumenta.
1033 879 1072 921 3.
1107 867 1213 921 Qua
1242 867 1460 909 methodo
1489 867 1705 911 edendae.

152 946 185 987 Ι.
213 946 405 1000 Qmssus
431 958 681 988 EPISTOLIS
706 957 926 988 CONSTET
951 957 1078 987 HAEC
1105 957 1290 987 SERIES.
1317 950 1367 999 a)
1398 943 1555 988 Primo
1586 960 1708 988 com-

65 1022 276 1079 plectitur
304 1021 516 1078 epistolas
545 1038 573 1063 a
597 1024 655 1064 P.
684 1022 840 1065 Ναξία]
868 1022 1013 1074 datas,
1042 1023 1098 1064 ab
1128 1036 1249 1064 anno
1283 1023 1394 1077 1546
1423 1023 1479 1065 ad
1515 1034 1641 1078 1577,
1668 1023 1712 1066 id

64 1107 134 1144 est
153 1099 327 1144 litteras
349 1100 405 1142 ab
428 1099 526 1155 ipso
549 1099 829 1156 conscriptas
852 1100 937 1142 sub
967 1106 1162 1156 quatuor
1189 1100 1458 1156 praepositis
1486 1101 1714 1158 generali—

66 1179 168 1232 bus,
193 1176 372 1234 Ignatio
395 1177 697 1235 (1546-1556),
724 1176 892 1220 Lainez
917 1177 1223 1234 [1556-1565),
1251 1178 1385 1234 Borja
1404 1179 1710 1235 (1565-1572),
1739 1230 1745 1238 ι

66 1263 111 1300 et
134 1255 420 1300 Mercuriano
443 1254 748 1312 (1572-1577).
777 1255 879 1298 Hae
908 1262 1059 1298 autem
1089 1254 1307 1311 epistolae
1335 1256 1391 1298 ad
1420 1255 1543 1313 ipsos
1571 1271 1713 1313 gene-

68 1335 184 1377 rales
206 1341 257 1376 ut
278 1333 523 1389 plurimum
546 1333 679 1376 datae
707 1339 829 1375 sunt.
864 1332 996 1376 Aliae
1023 1332 1158 1376 etiam
1188 1333 1285 1376 aliis
1312 1334 1586 1391 insignibus,
1620 1342 1715 1377 tum

43 1411 323 1466 ,Societatis,
351 1418 447 1453 tum
469 1410 669 1454 externis
690 1410 798 1454 viris
827 1410 1006 1463 missae,
1034 1418 1085 1454 ut
1114 1411 1256 1455 videri
1284 1411 1450 1468 poterit
1477 1412 1524 1455 in
1546 1413 1716 1456 catalo-

70 1490 141 1546 gis
179 1490 236 1532 ad
272 1490 441 1532 calcem
484 1488 633 1545 operis
676 1495 721 1532 et
759 1488 1045 1545 singulorum
1083 1489 1365 1532 voluminum
1403 1489 1711 1546 subjiciendis.

71 1569 238 1610 Extant
260 1566 305 1609 in
329 1566 521 1623 regestis
544 1566 836 1623 epistolarum
867 1568 960 1609 ΡΡ.
994 1566 1276 1623 generalium
1313 1579 1423 1622 1350
1452 1574 1498 1611 et
1525 1568 1717 1624 amplius

71 1645 247 1688 litterae
283 1645 340 1688 ad
376 1644 523 1688 varias
560 1644 815 1701 provincias
852 1645 986 1688 datae
1019 1660 1074 1689 ex
1107 1645 1423 1689 commissione
1462 1648 1515 1690 P.
1553 1646 1715 1700 Nadal,

73 1738 177 1767 cum
213 1722 370 1766 vicarii
408 1722 635 1779 generalis
672 1722 820 1765 officio
866 1723 1136 1780 fungeretur
1172 1738 1254 1780 pro
1292 1724 1340 1768 S.
1382 1724 1625 1768 Francisco
1663 1725 1720 1767 de

76 1801 227 1857 Borja,
255 1800 331 1856 qui
355 1800 485 1844 annis
514 1811 675 1855 1571-Ι
685 1811 768 1855 572
798 1800 845 1843 in
869 1799 1136 1856 Hispaniam
1163 1802 1398 1858 profectus
1428 1803 1591 1845 fuerat.
1619 1802 1721 1845 Illas

75 1886 226 1923 autem
256 1878 300 1921 in
329 1880 415 1922 hac
443 1878 558 1922 serie
585 1893 677 1921 non
706 1878 1003 1922 includendas
1036 1878 1272 1933 duximus,
1307 1879 1464 1936 paucis
1500 1879 1718 1936 exceptis,

77 1971 193 2012 quae
215 1957 272 2000 ad
295 1955 442 2000 Patris
460 1956 607 1999 Nadal
626 1962 756 2012 gesta
778 1955 962 2012 propius
985 1956 1246 2013 pertingere
1269 1956 1554 2001 videbantur.

166 2034 366 2078 Litterae
383 2048 515 2090 porro
533 2034 589 2076 ab
607 2033 705 2090 ipso
723 2034 779 2076 ad
796 2032 907 2076 alios
923 2034 1071 2086 datae,
1092 2049 1117 2077 a
1133 2034 1265 2077 nobis
1282 2035 1502 2089 edendae,
1522 2036 1697 2092 plerum

77 2127 167 2169 que
189 2120 297 2155 sunt
324 2111 579 2168 originales
608 2126 689 2154 seu
719 2111 997 2167 arclzetfflae,
1027 2111 1215 2166 scilicet,
1248 2127 1364 2169 quae
1387 2114 1444 2156 ab
1473 2127 1723 2156 amanuen-

79 2191 204 2234 sibus
227 2198 453 2243 exaratae,
479 2197 524 2233 et
546 2190 602 2232 ab
626 2196 812 2232 auctore
834 2189 1131 2246 subsignatae
1154 2191 1355 2233 fuerunt.
1378 2191 1550 2234 Multae
1573 2199 1723 2234 tamen

79 2267 381 2324 reperiuntur,
413 2268 469 2311 ab
499 2266 597 2323 ipso
623 2269 674 2310 P.
703 2267 849 2310 Nadal
879 2274 1001 2310 totae
1029 2267 1338 2324 conscriptae,
1365 2283 1478 2326 quas
1501 2272 1724 2326 autogra—

75 2345 207 2402 phas,
230 2360 354 2388 more
371 2345 465 2400 jam
494 2344 795 2388 communiter
818 2352 1018 2402 recepto,
1045 2346 1274 2402 appellare
1295 2346 1480 2402 placuit.

169 2423 213 2478 b)
276 2422 488 2479 Epistolis
529 2422 675 2466 Patris
714 2423 859 2467 Nadal
893 2424 1045 2479 plures
1089 2423 1203 2467 aliae
1246 2423 1525 2479 inseruntur,
1567 2424 1663 2468 sive
1701 2440 1726 2467 a

85 2502 179 2544 PP.
205 2500 511 2557 generalibus,
538 2515 619 2543 seu
641 2501 698 2543 ab
720 2500 818 2544 aliis
840 2501 900 2543 ad
921 2502 1071 2557 ipsum
1094 2502 1238 2555 datae,
1262 2516 1379 2557 quae
1402 2503 1457 2545 ad
1480 2502 1726 2559 pleniorem

84 2593 233 2621 rerum
255 2577 303 2620 in
319 2577 405 2621 illis
423 2577 692 2634 scriptarum
710 2578 1057 2636 intelligentiam
1076 2580 1284 2623 conferre
1301 2579 1528 2624 videntur.
1552 2581 1727 2624 Harum

86 2670 192 2699 vero
215 2655 505 2713 epistolarum
528 2670 619 2699 non
642 2658 799 2700 eadem
822 2657 935 2702 ratio
958 2665 1042 2712 est3
1069 2673 1189 2711 nam,
1217 2672 1334 2714 quae
1356 2659 1413 2701 ad
1440 2658 1589 2715 ipsum
1618 2658 1729 2701 scri-

87 2748 215 2789 psere
239 2735 332 2777 ΡΡ.
360 2734 612 2791 generales,
639 2749 694 2778 ex
718 2735 910 2792 regestis
932 2736 1200 2793 plerumque
1229 2736 1497 2793 desumptae
1527 2737 1726 2788 fuerunt,

89 2890 223 2914 mense
241 2877 426 2916 Octobris
444 2879 536 2914 anni
556 2887 644 2924 1557
664 2878 767 2926 data,
789 2880 856 2916 ubi
873 2881 970 2916 haec
987 2880 1115 2916 facete
1140 2880 1289 2917 scribit:
1313 2880 1506 2916 «Nuestro
1525 2881 1567 2916 P.
1590 2880 1733 2916 vicario

88 2938 215 2974 seriue
233 2939 348 2974 sobre
368 2940 444 2974 ello
462 2941 483 2974 a
502 2939 549 2973 V.
572 2939 612 2974 S.
633 2950 706 2974 con
726 2944 791 2975 tan
810 2941 961 2976 buenos
980 2946 1198 2976 caracteres
1218 2951 1330 2975 como
1349 2952 1420 2975 son
1438 2941 1495 2976 los
1515 2940 1576 2975 del
1596 2940 1639 2974 P.
1661 2939 1735 2975 Na-

89 2997 165 3043 dal,
183 2999 395 3045 cuyaletra
411 2998 477 3033 fue
497 3000 533 3033 la
550 2999 719 3045 primera
736 3011 828 3036 cosa
847 3002 921 3036 mal
941 3001 1038 3036 echa
1056 3013 1132 3048 que
1152 3000 1200 3035 V.
1223 3000 1265 3035 S.
1284 3001 1333 3035 ha
1358 3001 1461 3036 visto
1486 3013 1535 3035 en
1561 3001 1596 3035 la
1623 2999 1737 3035 Com-

91 3059 241 3104 pafiia.»
263 3058 307 3093 In
324 3063 483 3104 regesto
500 3058 576 3094 litt.
594 3059 829 3095 Germaniae
847 3066 887 3095 et
905 3061 1073 3106 Galliae,
1099 3068 1316 3106 1550-1559,
1336 3059 1402 3095 fol.
1424 3060 1502 3106 143.

238 3130 350 3158 Emsr.
366 3130 402 3158 P.
424 3130 560 3165 ΝΑοΑι,
585 3137 660 3160 τοΜ.
682 3131 707 3159 1.
