2038 3313
825 204 973 248 5‘MAJ1
1005 213 1096 248 1550
1132 214 1135 215 ⁷
1741 206 1782 242 81

67 310 81 317 ²
134 318 258 351 ramo
281 318 367 350 con
390 308 432 349 la
454 306 602 363 gratia
624 307 694 348 del
720 305 930 361 Signore:
957 305 1192 360 predicare
1215 306 1338 348 nella
1357 305 1527 352 chiesia
1544 309 1714 359 nostra,
1741 308 1787 350 in

132 384 408 437 monasterii,
434 385 596 440 legger
618 384 667 427 S.
696 383 840 426 Paulo
863 383 938 425 nel
960 383 1095 425 domo
1122 384 1151 434 ¹,
1178 384 1340 439 legger
1361 384 1405 425 la
1426 383 1627 426 dottrina
1658 385 1786 440 x'pia—

133 477 227 514 na.,
252 461 483 504 ministrar
506 460 570 517 gli
592 454 880 511 sacramenti,
907 460 988 502 dar
1010 459 1229 502 essercitii
1254 460 1493 516 spirituali,
1520 468 1565 502 et
1593 476 1787 504 conuer—

126 552 204 581 sar
226 545 272 581 et
294 540 507 581 exhortar
530 553 556 580 a
577 537 739 593 spiritu
762 537 880 580 nella
903 536 1072 579 chiesia
1094 544 1264 588 nostra,
1292 538 1462 589 schole,
1496 545 1542 580 et
1571 541 1788 583 contrade

131 618 266 658 ettam
296 616 493 672 publice,
525 615 571 657 in
609 616 770 671 legger
801 622 919 657 tutte
948 615 990 657 le
1025 614 1204 657 lettioni
1233 622 1278 658 et
1311 615 1444 658 classi
1476 615 1718 669 ordinarie,
1750 617 1787 660 si

132 708 261 737 come
283 693 528 745 scrissimo,
555 708 642 736 con
666 691 772 735 tutti
801 692 865 748 gli
894 692 1115 735 essercitii
1147 700 1193 749 et
1220 692 1419 748 dispute,
1453 700 1498 735 et
1526 708 1607 749 per
1639 694 1787 750 gratia

129 771 174 813 di
190 773 303 829 Jesu
326 773 404 814 X.⁰
423 770 532 827 ogni
555 785 662 813 cosa
683 785 741 812 va
763 770 902 812 molto
925 771 1042 812 bene
1065 777 1110 812 et
1132 784 1220 812 con
1242 771 1384 813 molto
1408 771 1569 822 frutto,
1592 771 1785 826 special-

129 856 282 892 mente
304 850 329 891 6
351 855 561 891 crescuto
584 847 614 889 il
638 862 829 890 numero
851 846 957 890 delli
981 847 1351 899 communicanti,
1384 850 1469 890 che
1498 848 1654 891 auan'ti
1679 849 1784 891 bas—

125 933 238 968 taua
259 926 341 968 dar
362 925 392 967 il
415 924 676 968 santissimo
700 931 984 967 sacramento
1007 925 1049 966 al
1071 925 1132 966 fin
1156 924 1202 967 di
1226 932 1294 967 tre
1316 924 1453 968 misse
1477 927 1563 968 che
1585 925 1622 968 si
1654 925 1783 968 dixe-

131 1017 250 1045 uano
273 1002 429 1045 auanti
446 1003 489 1044 la
506 1002 703 1057 predica,
731 1003 871 1044 ahora
893 1017 985 1045 non
1008 1017 1065 1057 po
1089 1017 1227 1054 esser,
1250 1017 1323 1045 ma
1340 1004 1364 1044 6
1382 1002 1427 1044 (11
1444 1002 1640 1059 bisogno
1657 1003 1705 1045 in
1722 1018 1783 1045 Vn

130 1081 244 1123 altro
267 1080 407 1122 altare
425 1078 491 1121 sia
508 1095 568 1121 vn
586 1080 823 1121 sacerdote
840 1081 926 1121 che
943 1079 1136 1121 ministri
1154 1079 1185 1121 il
1201 1079 1460 1122 santissimo
1478 1088 1777 1123 sacramento.

131 1157 180 1201 Si
203 1158 248 1200 fa
270 1158 411 1199 frutto
434 1157 609 1213 grande
631 1170 709 1211 per
733 1157 775 1198 la
799 1163 932 1208 terra,
960 1164 1005 1199 et
1026 1171 1134 1212 pare
1157 1163 1202 1199 et
1225 1157 1262 1199 si
1291 1156 1391 1199 dice
1413 1165 1783 1200 communmente

130 1248 253 1278 esser
275 1241 450 1277 mutata
472 1240 518 1276 et
540 1233 771 1276 riformata
794 1241 955 1288 questa
978 1241 1112 1276 terra.

222 1326 262 1367 3.
329 1313 418 1355 Fra
439 1313 481 1354 le
504 1312 617 1354 altre
640 1312 812 1354 forteze
834 1313 919 1354 che
937 1313 996 1353 ha
1012 1312 1041 1353 l'
1063 1311 1334 1367 imperatore
1351 1312 1398 1354 in
1416 1320 1577 1368 questa
1600 1320 1736 1367 terra,
1757 1315 1783 1357 6

129 1390 172 1432 13
195 1389 273 1445 piu
296 1389 569 1445 importante
590 1388 636 1430 di
660 1389 707 1432 S.
731 1389 987 1442 Saluatore,
1014 1390 1088 1432 nel
1115 1389 1293 1432 brascio
1322 1390 1367 1432 di
1392 1390 1615 1446 Carybdis
1644 1392 1676 1433 ⁶²:
1704 1391 1781 1446 qui

128 1482 241 1510 sono
263 1466 427 1509 soldati
449 1465 656 1522 spannoli
679 1466 742 1507 fin
769 1482 795 1509 a
819 1478 875 1519 7o
897 1481 985 1509 con
1008 1467 1050 1509 le
1071 1481 1181 1509 suae
1206 1467 1422 1523 famiglie3
1449 1468 1526 1522 qui
1549 1470 1608 1510 ha
1629 1468 1783 1524 predi-—

129 1552 231 1587 cato
254 1551 301 1587 et
323 1544 479 1587 auanti
502 1551 548 1587 et
570 1544 689 1586 nella
711 1543 1060 1600 quadragesima
1083 1558 1172 1586 vno
1195 1544 1241 1586 di
1263 1544 1406 1587 nostri
1428 1545 1530 1588 laici
1553 1560 1639 1588 con
1657 1553 1784 1588 tanta

129 1621 322 1665 efficatia
344 1622 418 1665 nel
442 1621 654 1678 Signore,
681 1623 765 1664 che
788 1620 824 1663 si
847 1623 906 1663 ha
929 1621 1165 1664 riformato
1183 1628 1302 1664 tutto
1321 1623 1427 1677 quel
1444 1624 1647 1677 castello;
1675 1624 1782 1666 tutti

131 1699 194 1756 gli
217 1698 544 1751 concubinarii,
571 1699 656 1741 che
678 1687 816 1741 erano
830 1690 837 1697 χ’
848 1698 981 1750 assai,
1007 1698 1045 1740 51
1073 1698 1173 1741 51110
1201 1699 1398 1742 maritati
1427 1714 1514 1742 con
1546 1701 1588 1743 le
1609 1715 1782 1744 concu-

130 1776 253 1830 bine,
279 1791 305 1819 o
333 1777 555 1819 1611311110
585 1776 801 1819 talmente
833 1767 1146 1829 lasciatestghe
1178 1776 1216 1818 si
1244 1778 1303 1819 ha
1329 1778 1470 1832 plane
1497 1778 1721 1822 dissoluto
1752 1779 1783 1820 il

130 1853 454 1906 concubinatu,
482 1853 588 1896 tutti
611 1853 649 1896 si
671 1867 816 1896 sonno
839 1853 1098 1906 confessati,
1125 1854 1447 1896 communicati
1470 1862 1516 1897 et
1537 1863 1695 1898 estano
1718 1856 1782 1912 gli

121 1931 295 1974 ·soldati
318 1945 446 1974 come
474 1930 581 1973 boni
608 1930 824 1982 cristiani,
861 1945 953 1972 non
982 1945 1110 1973 come
1138 1931 1302 1973 soldati
1330 1932 1575 1975 communi:
1612 1935 1636 1976 6
1664 1940 1785 1976 stato

134 2008 280 2065 gloria
301 2009 375 2050 del
398 2007 610 2064 Signore.

222 2099 265 2139 4.
333 2085 381 2130 Si
404 2085 589 2128 attende
621 2086 634 2105 ⁵
660 2086 798 2127 ahora
821 2085 835 2104 ⁴
859 2099 946 2127 con
969 2085 1013 2127 la
1034 2085 1184 2141 gratia
1206 2086 1281 2128 del
1304 2085 1500 2142 Signore
1523 2101 1550 2129 a
1578 2102 1640 2133 vn
1669 2088 1783 2131 altro

133 2164 318 2207 castello
343 2165 374 2216 ⁵,
400 2170 444 2206 et
466 2163 542 2205 nel
563 2163 806 2206 carnouale
829 2162 859 2204 il
883 2162 1081 2218 Signore
1104 2164 1229 2206 dette
1252 2178 1313 2205 vn
1336 2163 1498 2220 spiritu
1526 2165 1786 2209 voluntario

208 2375 217 2393 ¹
274 2372 466 2415 ...«Sobre
484 2372 520 2406 la
537 2370 829 2418 frequentation
847 2371 896 2406 de
916 2373 973 2406 los
993 2377 1274 2415 sacramentos‚
1294 2372 1390 2406 cada
1414 2372 1600 2418 domingo
1623 2385 1787 2420 paresce

135 2444 196 2467 ser
215 2433 251 2466 13
269 2432 411 2478 pascha
430 2443 479 2466 en
498 2437 582 2466 esta
601 2431 753 2476 iglesia.
774 2432 859 2477 Fuy
878 2437 964 2466 este
990 2431 1176 2476 domingo
1195 2434 1216 2466 3
1241 2432 1277 2466 13
1297 2423 1432 2467 1113(116Α
1454 2432 1594 2478 iglesia
1617 2436 1639 2468 3
1662 2433 1747 2468 hoir
1765 2436 1787 2468 3

134 2491 228 2526 M.re
252 2491 374 2526 Nadal
394 2493 430 2526 13
448 2490 593 2526 lection
611 2491 660 2525 de
680 2491 737 2525 S.t
760 2491 897 2537 Pablo,
917 2504 942 2536 y
961 2491 1001 2525 vi
1020 2503 1113 2537 muy
1129 2490 1250 2537 major
1264 2504 1455 2527 concurso
1474 2493 1522 2527 de
1542 2494 1579 2528 lo
1594 2506 1670 2540 que
1690 2496 1786 2530 solia

135 2556 246 2585 tener
264 2563 313 2585 en
327 2556 412 2585 otro
432 2550 578 2596 tiempo
596 2550 750 2596 quando
769 2561 818 2597 yo
837 2553 927 2597 aqui
946 2556 1127 2586 estana...

205 2611 299 2645 Esto
317 2622 379 2645 me
397 2611 445 2645 ha
462 2609 661 2645 occorrido
680 2609 818 2645 scriuir
836 2622 857 2644 a
876 2611 924 2645 V.
945 2611 991 2645 R.
1011 2610 1060 2645 de
1080 2611 1116 2645 lo
1134 2622 1209 2656 que
1229 2613 1318 2657 aqui
1337 2623 1496 2657 passa...
1517 2612 1785 2657 referiendjose

135 2680 184 2703 en
202 2670 239 2703 lo
256 2669 390 2703 demas
409 2672 430 2704 3
448 2670 504 2703 135
523 2673 650 2703 cartas
669 2668 717 2703 de
737 2669 788 2703 M.
793 2676 830 2696 re
856 2669 1011 2704 Nadal..
1020 2683 1052 2703 .»
1072 2671 1130 2704 Ex
1158 2670 1274 2715 epist.
1295 2674 1448 2716 autogr.
1470 2671 1512 2705 P.
1540 2672 1786 2717 130106116611,
1811 2675 1823 2701 „⁴
1860 2660 1867 2673 ‘

135 2729 183 2763 ad
202 2729 244 2763 P.
265 2729 475 2774 Ignatium,
501 2728 695 2773 Panormi,
727 2737 768 2772 17
787 2728 901 2774 Junii.
923 2737 1012 2773 1550
1036 2728 1141 2774 data,
1169 2729 1208 2764 in
1236 2730 1366 2776 Epist
1396 2730 1688 2776 Mixtis,1549
1691 2729 1801 2777 1550ι

136 2788 246 2832 (eilias
265 2790 343 2824 vok
364 2790 424 2834 Β),
435 2788 509 2823 fol.
531 2788 585 2822 28
595 2787 686 2833 (89).

206 2847 221 2867 2
272 2849 431 2884 Fretum
451 2847 621 2883 Siciliae.

209 2909 226 2928 δ’
274 2908 347 2942 Μ5.
365 2911 528 2943 attente.

208 2969 223 2988 ¹*
274 2967 353 3011 Sic,
371 2966 587 3013 hispanice,
608 2977 675 3012 pro
693 2967 845 3008 adesso,
866 2979 987 3002 nunc.
1061 3000 1066 3002 .

208 3029 222 3049 ⁵
273 3027 373 3062 Vide
392 3028 612 3072 POLANCO,
635 3025 799 3067 Claron„
822 3025 952 3072 ΙΙ,,35,
972 3026 1091 3071 1369.

283 3099 395 3127 ΕΡ151.
412 3099 446 3127 P.
468 3098 606 3131 ΝΑοΑι,
630 3105 707 3125 rom.
730 3097 753 3124 1.
1555 3100 1571 3126 6
