2038 3313
269 139 345 175 832

264 235 398 280 Burgi,
419 233 754 280 archiepiscopus,
774 232 864 267 vide
885 232 1053 266 Alvarez

315 296 362 330 de
382 294 544 329 Toledo.

265 356 402 395 Bursa,
423 352 671 398 Franciscus,
690 352 730 386 S.
753 353 805 398 J.,
825 350 909 396 483.

265 416 540 458 Bustamante,
571 413 617 446 P.
643 413 965 446 Bartholomaeus
991 409 1052 449 de,

314 473 353 508 S.
388 474 441 518 J.,
472 472 724 517 architectus,
756 470 834 515 184,
865 468 951 512 633,
970 467 1054 512 635,

312 532 393 577 708,
415 539 499 576 7973
518 529 775 565 cordubensis
805 527 961 572 collegii
986 526 1057 560 ini—

313 592 378 626 tiis
410 591 598 635 interest,
623 598 711 633 221,
744 594 835 623 vota
865 585 1057 633 simplicia

313 651 520 688 Cordubae
540 650 698 693 emittit,
717 658 801 692 222,
822 646 1058 683 collateralis

313 711 494 756 Borgiae,
514 708 597 754 2483
619 720 695 743 non
711 713 770 742 sat
783 719 913 742 rerum
928 706 1060 741 Socie-

313 771 405 806 tatis
424 770 587 816 peritus,
604 774 646 803 ut
664 768 830 813 Borgiae
849 766 978 802 socius
993 765 1057 809 sit3

315 831 399 876 ejus
435 829 626 876 professio
662 827 864 863 sollemnis
897 832 937 862 et
969 831 1060 861 vota

315 890 520 936 simplicia,
537 898 620 934 254,
641 888 793 929 unicus,
812 887 879 934 qui
897 899 946 922 ex
965 888 1061 921 Bae-

316 950 394 985 tica
425 949 472 983 ad
498 948 733 983 electionem
751 946 964 994 praepositi
992 957 1060 991 ge-

316 1009 460 1044 neralis
478 1008 534 1042 ire
550 1012 695 1054 potest,
715 1006 798 1051 3463
819 1006 994 1052 disputat
1020 1005 1059 1039 in

315 1067 483 1113 collegio
499 1066 642 1102 Montis
657 1065 787 1111 Regii,
803 1063 1059 1109 353;R0mam

319 1140 407 1163 cum
442 1127 584 1172 Borgia
630 1125 685 1160 ire
720 1125 930 1167 desiderat,
973 1123 1056 1168 3723

316 1189 450 1223 Monte
468 1186 593 1231 Regio
613 1186 661 1220 ad
679 1197 787 1219 suam
819 1184 1059 1231 provinciam

316 1246 544 1292 remittitur,
559 1254 644 1291 457,
659 1254 742 1290 479,
759 1257 847 1279 cum
863 1245 905 1278 P.
917 1245 1059 1278 Dome-

318 1308 417 1342 nech
452 1311 718 1352 comparatur,
752 1313 841 1349 550,
875 1302 1059 1338 Almodo-

315 1366 462 1401 variam
481 1365 605 1406 venit,
624 1364 759 1410 ibique
773 1364 983 1409 collegium
1003 1362 1059 1397 in-

316 1426 479 1462 stituere
515 1425 727 1466 desiderat,
756 1425 842 1469 565,
877 1424 1060 1469 Complu-

318 1491 400 1520 tum
425 1483 591 1525 accedit‚
611 1483 695 1527 648.

643 1574 685 1613 C

272 1665 457 1709 Caceres,
476 1663 567 1699 vide
586 1663 725 1699 Castra
744 1663 927 1699 Caecilia.

269 1724 489 1770 Cadaques,
499 1723 684 1769 oppidum
693 1722 960 1768 Catalauniae,
977 1720 1059 1766 364.

269 1785 584 1827 Caesaraugusta
608 1783 853 1826 (Zaragoza),
885 1790 983 1825 XXV,
1000 1780 1060 1826 39,

317 1844 421 1878 illam
442 1842 624 1877 deserere
648 1842 823 1887 cogitant
847 1841 958 1887 socii,
983 1841 1062 1886 169,

319 1916 386 1939 eos
403 1903 548 1937 retinet
566 1901 706 1948 Nadal,
725 1902 804 1947 169,
825 1911 904 1946 170,
924 1901 1065 1936 civitas

320 1964 455 1998 Patres
487 1961 697 1996 Soeietatis
729 1967 907 2008 exoptat,
941 1973 1066 1996 sacra-

322 2027 452 2056 menta
481 2020 799 2067 frequentantur,
830 2028 918 2065 277,
951 2021 1067 2055 colle-

320 2080 429 2125 gium
450 2081 489 2115 S.
512 2081 565 2125 J.,
585 2087 668 2123 277,
688 2078 772 2125 387,
792 2078 874 2113 388.

274 2140 411 2176 Cairus
441 2138 602 2184 (Cairo),
628 2139 683 2173 ibi
707 2139 886 2185 captivus
912 2144 1068 2174 tenetur

321 2199 443 2234 frater
462 2199 623 2244 Freyre,
644 2206 724 2242 502.

276 2257 507 2303 Calatayud,
527 2257 749 2292 Ludovicus
764 2257 812 2292 de
827 2258 1068 2303 (Alphonsus

324 2317 527 2362 aJimenez
541 2316 697 2360 dicitur,
714 2316 855 2362 pagina
870 2320 967 2362 579),
984 2329 1070 2363 pro-

325 2375 541 2410 tonotarius
583 2375 820 2421 apostolicus
839 2402 846 2419 ,
887 2375 1070 2410 fundator

325 2434 483 2480 collegii
507 2434 741 2480 ocaniensis,
767 2444 850 2480 419,
875 2434 965 2481 438,
984 2436 1068 2481 458,

325 2494 511 2544 620-6222
538 2503 629 2539 7153
659 2503 748 2541 552,
781 2495 956 2540 589-598‚
984 2494 1069 2541 643,

325 2553 410 2599 644,
429 2562 512 2597 717,
545 2554 769 2589 memoriale
794 2554 868 2601 ipsi
899 2555 1055 2602 proposi

326 2618 409 2646 tum
439 2624 507 2658 pro
536 2612 764 2648 fundatione
794 2614 966 2660 collegii,
986 2623 1068 2659 577,

328 2671 624 2707 difficultatibus
639 2673 723 2718 ejus
737 2673 979 2710 satisfacitP.
996 2674 1070 2709 Na-

329 2730 406 2777 dal,
427 2740 596 2777 577-579-

281 2789 534 2836 Caldennius,
554 2792 725 2826 sororius
740 2792 904 2838 Natalis,
928 2802 982 2827 12.

281 2848 514 2895 Campaner,
535 2850 718 2897 Alvarus,
737 2861 772 2895 4.

282 2907 513 2954 Campeggi,
533 2910 720 2954 Joann-es,
735 2910 940 2958 episcopus
955 2913 1073 2946 bono-

333 2966 494 3011 niensis,
531 2968 690 3004 nuntius
721 2969 916 3015 pontificis
941 2970 980 3005 in
1006 2970 1069 3004 Hi-

1021 136 1193 171 InnicEs

1175 231 1324 277 spania,
1345 231 1554 266 Societatis
1570 242 1719 277 amans,
1733 240 1819 278 425,
1831 233 1921 276 426.

1128 289 1385 336 Campfullos,
1410 291 1620 326 canonieus
1639 290 1920 337 majoricensis,

1175 349 1211 395 6,
1234 349 1289 385 13.

1128 408 1249 444 Cana]
1270 410 1312 444 P.
1334 410 1488 456 Petrus,
1509 411 1548 446 S.
1576 412 1629 457 J.,
1654 412 1815 446 Romam
1833 411 1923 446 mis-

1177 481 1257 515 sus,
1282 469 1362 516 148,
1385 470 1466 516 158,
1489 471 1569 515 165.

1130 530 1397 565 Cancellarius
1414 531 1597 566 Austriae
1612 530 1822 577 inferioris,
1832 531 1921 566 vide

1179 589 1485 625 XVidmanstadt.

1131 647 1338 692 Canfranc,
1355 649 1538 695 oppidum
1548 650 1587 684 in
1602 649 1824 696 pyrenaeis,
1839 658 1923 694 724.

1132 709 1316 744 Canisius
1355 710 1540 756 (Kanys‚
1592 710 1776 745 Kanisius
1795 737 1803 753 ,
1854 710 1926 746 Ca-

1181 768 1254 810 nis,
1276 772 1370 812 etc.)
1384 770 1427 803 B.
1458 769 1612 812 Petrus,
1633 768 1673 803 S.
1692 770 1745 815 J.,
1764 769 1824 814 463
1844 770 1924 804 lau—

1181 828 1247 863 dat
1273 829 1429 864 Patrem
1451 828 1596 872 Nadal,
1623 837 1686 873 54;
1721 828 1926 864 conciona-

1182 894 1263 933 tur,
1294 896 1360 935 54,
1392 887 1481 933 312,
1517 889 1813 924 translationem
1841 900 1927 924 san-

1181 954 1330 983 ctarum
1356 948 1606 994 reliquiarum
1627 954 1770 994 narrat,
1791 948 1850 993 56,
1870 948 1928 983 di—

1181 1013 1312 1054 sputat
1338 1007 1591 1050 scholastice,
1618 1016 1681 1052 593
1703 1007 1787 1053 ejus
1808 1019 1927 1054 opera

1181 1080 1249 1114 pro
1276 1066 1454 1112 collegiis
1486 1067 1655 1112 Pragae,
1693 1067 1926 1112 Ingolstadii

1181 1133 1219 1162 et
1238 1126 1487 1172 Oenipontis,
1508 1136 1591 1171 294,
1618 1126 1796 1161 laudatur
1810 1138 1832 1160 a
1850 1127 1926 1160 Na-

1180 1187 1256 1230 dal3
1277 1186 1435 1232 negotia
1456 1187 1505 1220 ab
1530 1186 1614 1232 ipso
1638 1198 1726 1221 cum
1750 1197 1927 1221 romano-

1180 1259 1264 1281 rum
1295 1258 1389 1292 rege
1421 1246 1641 1291 tractanda,
1675 1247 1926 1281 Lambertum

1182 1307 1289 1341 Auer
1307 1306 1347 1341 in
1372 1305 1610 1341 Societatem
1635 1305 1821 1351 admittit,
1842 1304 1926 1349 3083

1182 1370 1225 1400 ut
1248 1364 1523 1411 compendium
1556 1365 1696 1400 Vicelii
1719 1371 1928 1412 componat

1181 1437 1249 1472 pro
1267 1425 1343 1459 fide
1363 1424 1555 1459 catholica
1578 1425 1738 1471 tuenda,
1763 1425 1930 1460 litteras-

1181 1497 1257 1532 que
1270 1485 1418 1520 indicas
1433 1485 1553 1520 latine
1569 1489 1710 1529 vertat,
1730 1490 1840 1520 curat
1854 1485 1928 1520 Na-

1181 1545 1258 1589 dal,
1279 1544 1361 1589 3103
1383 1544 1588 1591 professio,
1610 1550 1649 1580 et
1667 1549 1759 1580 vota
1777 1544 1930 1591 simpli-

1182 1604 1242 1639 cia
1261 1604 1540 1651 professorum,
1556 1603 1639 1649 3113
1656 1605 1822 1650 Pragam
1844 1605 1929 1640 mit*

1185 1664 1293 1710 titur,
1313 1664 1397 1709 3143
1418 1669 1461 1699 ut
1491 1665 1534 1698 P.
1567 1664 1690 1699 Nadal
1710 1664 1749 1699 in
1769 1665 1930 1700 Germa—

1185 1724 1288 1759 niam
1323 1724 1452 1768 adeat,
1486 1735 1731 1769 summopere
1752 1719 1929 1770 exoptat,

1185 1784 1268 1830 350,
1288 1784 1372 1830 351,
1388 1792 1471 1829 777,
1489 1784 1644 1819 veniam
1660 1784 1759 1830 petit
1774 1796 1794 1818 a
1814 1785 1929 1820 Patre

1187 1845 1331 1879 Lainez
1356 1844 1508 1890 peccati
1538 1846 1597 1887 (ut
1628 1843 1712 1890 ipse
1743 1843 1826 1890 ait),
1845 1843 1929 1888 351,

1185 1905 1426 1939 haereticum
1455 1903 1770 1938 concionatorem
1799 1905 1932 1949 Augu-

1187 1969 1271 1999 stae
1286 1963 1335 1998 ad
1345 1963 1575 1997 catholicam
1590 1963 1708 1997 fidem
1722 1963 1931 2008 convertit,

1187 2023 1271 2069 406,
1304 2035 1413 2058 suam
1441 2023 1680 2069 provinciam
1708 2024 1932 2069 perlustrat,

1190 2092 1272 2128 520,
1293 2083 1367 2129 ipsi
1385 2082 1694 2126 commendatur,
1714 2087 1757 2117 ut
1781 2082 1933 2117 satisfa-

1188 2144 1266 2179 ciat
1284 2143 1470 2178 cardinali
1485 2149 1719 2188 augustano,
1738 2143 1801 2177 cui
1816 2144 1933 2178 Pater

1190 2203 1313 2238 Nadal
1333 2202 1436 2237 mitti
1454 2214 1531 2236 non
1550 2207 1716 2248 poterat,
1736 2210 1821 2247 777,
1840 2201 1926 2246 778.

1143 2262 1341 2308 Canisius,
1376 2263 1418 2296 P.
1461 2261 1750 2307 Theodoricus,
1794 2260 1834 2295 S.
1877 2261 1929 2306 J.,

1190 2324 1235 2356 Β.
1255 2322 1363 2357 Petri
1382 2321 1502 2356 frater
1521 2333 1569 2356 ex
1589 2326 1711 2368 patre,
1732 2330 1846 2356 XXIX.

1143 2382 1317 2427 Cannae,
1337 2382 1586 2428 privilegium
1605 2381 1653 2415 ad
1667 2380 1844 2415 aedificia
1864 2381 1932 2415 So-

1190 2439 1345 2476 cietatis
1377 2441 1593 2486 pertinens,
1617 2439 1702 2485 408,
1729 2450 1813 2485 444,
1847 2447 1930 2484 522,

1192 2499 1275 2545 530,
1296 2499 1378 2544 531.

1143 2560 1267 2605 Cano,
1286 2560 1349 2594 Fr.
1371 2558 1573 2604 Melchior,
1593 2557 1642 2595 O.
1663 2558 1723 2601 P.,
1742 2557 1825 2602 764.

1144 2615 1357 2659 Cantus,in
1372 2616 1532 2662 templo,
1548 2614 1664 2650 sociis
1685 2615 1862 2649 Viennae
1880 2613 1936 2648 in-

1192 2675 1397 2721 terdictuS,
1422 2674 1505 2718 3123
1534 2674 1573 2709 in
1604 2673 1819 2720 tragoedia,
1850 2671 1934 2716 6633

1192 2734 1374 2782 privatim
1388 2734 1543 2770 litanias
1557 2740 1703 2770 canunt
1715 2732 1937 2769 scholastici

1195 2794 1421 2840 Societatis,
1441 2793 1524 2838 805.

1147 2851 1369 2888 Cafiaveras
1377 2881 1385 2897 ,
1395 2852 1578 2898 oppidum
1588 2863 1665 2887 non
1674 2852 1790 2897 longe
1798 2862 1820 2885 a
1834 2851 1935 2886 Con<

1195 2912 1280 2955 cha,
1300 2910 1384 2956 708,
1404 2919 1488 2956 710.

1147 2971 1306 3017 Capella
1320 2970 1555 3017 (Chapelle),
1570 2972 1612 3007 P.
1631 2970 1933 3012 Maximilianus,
