2038 3313
303 185 384 211 xrn
949 178 1128 214 NOTITIA
1155 186 1343 216 comcun

304 278 393 321 tius
411 279 467 322 de
486 279 670 335 Loyola,
696 280 958 337 Fre-positus
975 282 1219 338 generalis.
1232 316 1239 324 .
1251 317 1259 325 .
1272 300 1288 321 »
1321 281 1327 340 Ι
1360 283 1562 326 «Acerca
1577 282 1705 325 desta
1722 282 1834 325 letra
1851 296 1900 326 se
1922 297 1948 325 a

302 357 359 399 de
381 362 514 399 notar
536 372 565 412 y
588 357 825 412 ponderat,
852 373 960 414 para
978 359 1120 414 mejor
1142 361 1360 403 entender
1377 360 1442 402 las
1461 373 1592 403 cosas
1613 374 1643 415 y
1660 358 1945 415 proposicio—

303 448 400 486 nes,
426 448 515 489 que
538 434 732 490 despue's
756 449 804 478 se
826 437 1050 491 pondran,
1078 451 1167 492 que
1183 444 1279 481 este
1297 437 1481 494 Ignacio
1498 440 1525 480 ὀ
1542 437 1668 493 inigo
1684 438 1741 479 de
1758 437 1944 493 Loyola,

304 515 451 568 segun
475 526 523 555 es
542 512 675 564 fama,
702 512 778 555 fue'
801 514 971 556 notado
989 529 1047 558 en
1069 515 1112 557 la
1134 515 1403 570 inquisicion
1427 529 1508 570 por
1529 515 1664 570 ereje,
1692 529 1784 557 uno
1808 515 1864 557 de
1881 515 1947 557 los

305 589 505 632 dexados
527 604 556 644 y
579 589 884 634 alumbrados.
914 592 967 633 El
995 592 1100 647 qual
1128 592 1255 648 inigo
1279 596 1305 635 0
1328 592 1475 648 inacio
1506 607 1554 635 se
1584 592 1660 635 fue
1687 592 1901 648 huyendo
1924 595 1950 633 3

307 668 448 709 Roma
466 680 547 721 por
570 680 755 722 escapar
777 669 833 710 de
849 669 892 711 la
914 668 1184 725 inquisicion
1201 673 1226 712 e'
1243 669 1629 724 inquisidores...»
1652 669 1952 713 Concluditur

308 743 384 786 fol.
425 753 478 797 52
508 758 571 786 v.:
609 745 715 787 «Fo.
754 758 849 800 113.
887 746 944 789 fa.
984 759 999 790 Ι
1039 758 1043 804 Ι
1080 749 1268 790 Textus.
1298 746 1484 790 Etiamsi
1516 747 1648 802 plane
1671 753 1951 802 compertum

307 820 626 877 difinitumque
649 828 717 865 est
744 823 753 843 ¹
780 823 947 866 nemini
976 824 1243 881 contingere
1265 825 1456 868 salutem
1485 824 1571 867 nisi
1601 823 1951 881 praedestinato,

308 905 424 940 etc.»
457 897 463 956 Ι
496 900 650 943 «Haec
673 901 861 944 assertio
884 917 964 958 pro
987 909 1158 958 quanto
1182 902 1317 945 vertit
1340 902 1386 944 in
1408 902 1596 945 dubium
1620 902 1742 958 quod
1764 916 1859 944 non
1881 906 1955 944 so'·

308 976 400 1018 lum
436 977 757 1032 praedestinati
785 980 1098 1031 salvabuntur,
1125 980 1204 1023 sed
1234 980 1460 1035 aliquibus
1489 994 1584 1023 non
1612 978 1956 1036 praedestinatis

309 1054 534 1110 contingit
557 1056 694 1108 salus,
731 1064 800 1099 est
822 1072 917 1100 non
950 1058 1084 1100 modo
1116 1072 1320 1110 erronea,
1348 1057 1582 1101 temeraria
1605 1064 1650 1101 et
1673 1057 1953 1110 scandalosa,

311 1145 468 1174 verum
491 1132 624 1175 etiam
655 1133 868 1177 heretica.
902 1134 999 1178 Scit
1021 1135 1141 1178 enim
1170 1135 1395 1179 Dominus
1425 1134 1502 1191 qui
1525 1142 1631 1178 sunt
1659 1134 1773 1188 eius,
1805 1140 1851 1177 et
1872 1133 1957 1177 ite-

311 1223 410 1251 rum
440 1211 556 1265 quod
576 1212 794 1266 prescivit
825 1216 865 1254 et
894 1213 1239 1268 predestinavit.
1272 1213 1277 1271 1
1306 1215 1440 1256 Ill.me
1480 1228 1532 1256 36
1561 1215 1742 1257 Rev.me
1779 1213 1954 1265 Presul,

312 1287 481 1330 nostris
503 1288 573 1331 his
591 1289 961 1333 annotationibus
979 1291 1090 1334 nihil
1107 1292 1345 1335 detrahere
1362 1299 1441 1335 aut
1463 1292 1721 1335 minuere...
1743 1290 1960 1334 ecclesiae

314 1365 619 1409 emendationi
648 1366 958 1411 subiicimus.»
986 1370 1021 1412 F
1025 1370 1082 1412 ol.
1112 1380 1165 1424 53
1189 1385 1253 1422 V.,
1283 1372 1333 1413 P.
1368 1370 1513 1413 Nadal
1540 1384 1694 1412 manu:
1731 1370 1962 1412 «Censura

314 1448 472 1485 contra
500 1443 566 1485 los
595 1444 832 1488 exercitios
860 1446 916 1489 de
952 1447 1048 1502 fray
1076 1448 1305 1503 pedroche
1335 1449 1485 1504 (como
1514 1446 1663 1503 dizen)
1693 1446 1963 1503 presentado

314 1519 387 1562 del
406 1521 548 1563 orden
565 1522 622 1564 de
639 1537 674 1565 5.
696 1523 939 1580 domingo‚
961 1525 1151 1567 familiar
1166 1525 1239 1568 del
1257 1525 1467 1568 cardenal
1485 1526 1541 1567 de
1559 1524 1731 1567 Toledo
1749 1523 1929 1568 Siliceo.
1943 1542 1958 1560 »

405 1600 449 1652 4)
512 1600 547 1641 F
553 1600 612 1642 ol.
647 1611 718 1654 54,
751 1616 889 1645 manu
920 1604 971 1645 P.
1006 1603 1167 1646 Nadal:
1214 1603 1450 1646 «Doctoris
1480 1602 1737 1654 Torrensis,
1770 1601 1848 1658 qui
1880 1601 1964 1644 fuit

319 1676 511 1719 Canarie
534 1692 629 1732 eps.
657 1679 872 1735 apologia
894 1695 975 1736 pro
998 1680 1266 1724 exercitiis.»
1295 1681 1476 1737 Incipit:
1508 1680 1738 1723 «Primum
1761 1679 1962 1723 omnium

319 1752 455 1795 miror
477 1755 723 1798 admodum
747 1757 803 1800 de
825 1758 912 1810 his,
939 1758 1017 1814 qui
1046 1759 1217 1802 audent
1238 1759 1402 1802 latrare
1431 1765 1591 1802 contra
1618 1757 1832 1801 exercitia
1859 1772 1963 1800 san-

317 1830 544 1875 ctissimae
572 1833 812 1878 Societatis
828 1837 954 1893 Jesu,
982 1843 1221 1892 postquam
1247 1837 1396 1880 omnia
1418 1842 1463 1879 et
1488 1837 1669 1892 singula
1691 1836 1737 1878 in
1765 1835 1829 1878 eis
1852 1849 1964 1878 con-

322 1916 446 1952 tenta
468 1911 740 1955 auctoritate
762 1914 926 1956 summi
948 1914 1176 1970 pontificis
1200 1922 1307 1957 sunt
1329 1915 1678 1971 approbata...»;
1712 1914 1833 1969 quod
1865 1912 1966 1968 qui-

321 1987 423 2029 dem
462 1988 625 2043 partim
665 1990 824 2045 latine,
866 1992 1029 2047 partim
1065 1992 1299 2048 hispanice
1340 1993 1557 2048 scriptum
1592 1998 1675 2035 est.
1697 1989 1968 2046 —Explicit

324 2063 398 2107 fol.
433 2065 505 2120 63:
541 2074 612 2109 «et
644 2082 830 2123 operum
861 2070 1083 2112 bonorum
1109 2070 1267 2114 merita
1299 2070 1539 2113 excludere
1571 2069 1687 2112 velle
1715 2067 1965 2118 videamur,

323 2143 395 2185 vel
418 2158 442 2186 e
466 2157 704 2197 convers0,
726 2160 784 2189 ne
805 2147 907 2202 plus
931 2162 1074 2203 aequo
1096 2148 1220 2190 hisce
1243 2147 1510 2198 tribuentes,
1531 2145 1617 2189 illis
1639 2145 1817 2188 interim
1835 2145 1968 2187 dero-

324 2233 502 2275 gemus.
530 2222 573 2264 A
590 2222 675 2265 dos
697 2224 753 2266 de
776 2225 945 2267 henero
967 2226 1039 2268 del
1062 2231 1149 2267 ano
1179 2236 1226 2279 15
1234 2235 1313 2279 54»
1346 2223 1351 2282 Ι
1385 2224 1452 2267 «61
1473 2224 1656 2266 doctor»
1689 2222 1694 2280 Ι
1728 2224 1964 2265 ((Τοῑῑ65.»

325 2299 432 2340 —ff.
459 2299 514 2353 63
538 2314 602 2352 v.,
631 2301 703 2354 64,
730 2302 784 2356 65
809 2308 854 2344 et
877 2302 948 2353 66,
970 2316 1130 2345 vacua.

417 2375 456 2432 5)
519 2378 554 2419 F
558 2377 684 2431 ol.67
697 2379 974 2422 r.——Natalis
988 2394 1140 2422 manu:
1163 2379 1403 2422 «Eiusdem
1416 2393 1498 2435 pro
1513 2378 1683 2422 eisdem
1696 2376 1965 2431 exercitiis.»

328 2454 433 2497 Alia
454 2470 590 2499 manu
613 2455 788 2512 ignota,
816 2457 1002 2505 forsitan
1028 2457 1174 2500 Patris
1198 2457 1433 2501 Sothwell:
1465 2458 1619 2499 «Haec
1637 2454 1860 2512 scriptura
1876 2468 1971 2497 non

327 2540 396 2577 est
413 2534 616 2589 doctoris
633 2536 814 2588 Torres,
837 2536 916 2578 sed
934 2535 1132 2579 alterius.
1166 2535 1171 2593 Ι
1201 2537 1286 2579 V.e
1314 2535 1391 2577 ubi
1410 2541 1522 2577 noto
1540 2536 1654 2577 haec
1677 2533 1824 2589 signa:
1850 2535 1867 2586 Η
1894 2535 1967 2581 XX»

328 2613 393 2655 Re
415 2627 522 2656 vera
545 2620 613 2655 est
641 2613 830 2669 epistola
859 2614 1050 2669 alicujus
1079 2628 1104 2656 e
1133 2613 1361 2658 Societate
1391 2612 1554 2664 Patris,
1586 2612 1642 2654 ad
1671 2610 1818 2653 virum
1847 2616 1974 2653 extra

328 2691 602 2736 Societatem
643 2692 836 2744 directa,
883 2691 1014 2747 cujus
1057 2691 1275 2747 epistolae
1324 2698 1369 2733 et
1411 2688 1647 2733 exordium
1685 2695 1730 2731 et
1772 2687 1976 2731 clausula

329 2771 495 2814 omissa
517 2771 716 2814 fuerunt.
743 2770 919 2827 Incipit:
946 2771 1107 2812 «Estos
1125 2783 1207 2811 son
1230 2769 1299 2812 los
1316 2769 1500 2825 lugares
1517 2781 1574 2810 en
1592 2780 1681 2822 que
1696 2779 1848 2822 ponen
1866 2770 1975 2807 nota

332 2850 525 2905 algunos
553 2864 608 2893 en
640 2850 708 2892 los
740 2848 996 2898 exercitios,
1029 2861 1089 2890 no
1116 2846 1320 2889 mirando
1358 2846 1401 2888 la
1438 2844 1561 2887 bulla
1598 2842 1671 2886 del
1699 2856 1859 2898 papa.»
1896 2841 1974 2884 Illa

405 3020 415 3042 ¹
470 3019 597 3055 Antea
615 3019 802 3065 scriptum
822 3016 962 3062 fuerat,
981 3016 1048 3059 sit‚·
1067 3014 1136 3050 sed
1154 3014 1413 3049 cancellatum
1433 3017 1505 3047 est.
