2038 3313
860 219 1063 264 1545-1546
1743 221 1787 264 17⁴

225 331 298 374 45.
366 320 477 361 Post
501 316 834 361 confessionem
852 315 965 358 dixit
985 317 1121 358 Pater
1137 316 1288 357 Deum
1308 314 1371 357 ita
1388 315 1520 367 velle,
1542 322 1606 366 vt,
1628 330 1788 370 quem»

136 397 382 440 admodum
421 394 634 451 potentiis
664 393 830 436 nostris
858 393 989 436 abusi
1020 407 1201 446 sumus,
1234 398 1282 433 vt
1312 399 1472 434 contra
1499 391 1597 433 eius
1625 392 1787 434 volun-

140 482 280 518 tatem
303 475 572 525 faceremus,
599 472 697 515 sine
717 467 839 513 'illius
857 470 1020 527 gratia3
1047 470 1125 523 ita,
1146 476 1414 525 recuperata
1435 483 1516 524 per
1533 483 1791 511 sacramen-

140 559 237 594 tum
266 550 574 607 poenitentiae
607 548 770 606 gratia,
812 547 1027 604 potentiis
1065 554 1296 590 vteremur
1335 547 1392 589 ad
1424 545 1544 588 vitae
1577 547 1791 588 emenda-

143 630 328 672 tionem.

232 707 306 760 46.
372 707 423 748 In
446 707 508 748 2.a
530 704 816 747 hebdomada
838 702 1053 745 maiorem
1071 701 1193 745 sensi
1213 702 1430 754 fructum,
1451 708 1494 743 et
1513 700 1789 757 singularem

142 783 190 826 in
206 784 386 826 duabus
401 781 771 825 meditationibus
789 779 912 836 regis
931 778 1190 835 temporalis
1208 786 1253 821 et
1270 778 1556 830 vexillorum,
1574 793 1793 835 magnum

143 861 190 903 in
212 859 440 916 mysteriis
461 859 582 902 vitae
606 858 684 902 X.i

232 950 305 992 47.
373 939 545 981 Verum
574 936 651 978 vbi
678 934 783 978 veni
815 935 871 978 ad
900 933 1187 985 electionem,
1230 933 1295 976 fui
1332 934 1445 976 adeo
1483 933 1791 989 perturbatus,

144 1018 258 1059 adeo
285 1015 546 1070 dissipatus,
587 1021 637 1055 vt
674 1027 760 1056 nec
799 1019 951 1056 mente
984 1026 1068 1055 nec
1098 1026 1287 1067 corpore
1320 1011 1631 1054 consisterem:
1666 1026 1795 1054 mens

145 1094 355 1145 obscura,
381 1092 593 1134 voluntas
616 1091 782 1133 ster1lis
806 1097 851 1133 et
874 1089 1118 1143 obstinata,
1150 1103 1316 1144 corpus
1345 1096 1391 1131 et
1419 1096 1444 1131 e
1472 1090 1724 1140 stomacho,
1750 1095 1796 1131 et

110 1225 111 1228 Ἴ
148 1185 172 1213 e
195 1169 358 1226 capite,
385 1176 431 1212 et
453 1184 478 1211 e
512 1168 625 1211 febri
649 1167 882 1210 afflictum:
917 1166 1184 1223 scripseram
1216 1166 1399 1222 quidem
1428 1167 1571 1209 multa
1594 1181 1650 1209 ex
1671 1173 1796 1208 vtra-

149 1263 238 1304 que
266 1247 441 1289 ratione
468 1244 719 1298 electionis3
752 1245 876 1287 nulla
912 1252 1063 1287 tamen
1099 1243 1275 1286 ratione
1310 1251 1514 1300 poteram
1549 1243 1797 1299 quidquam

148 1325 338 1368 definire
362 1339 434 1367 res
452 1325 567 1366 adeo
585 1322 798 1374 redierat,
820 1329 869 1364 vt
886 1323 1021 1377 plane
1037 1321 1271 1365 videretur
1288 1322 1573 1377 despondere
1596 1321 1796 1364 animum

151 1406 457 1446 Domenecus.
484 1403 642 1456 Itaque
671 1403 757 1454 17.⁰
781 1399 854 1442 die
877 1415 1011 1455 quam
1038 1400 1211 1442 fueram
1229 1399 1276 1441 in
1299 1399 1542 1452 exercitiis,
1568 1399 1681 1442 dixit
1703 1402 1799 1443 Do—

150 1495 382 1523 menecus:
409 1494 549 1534 quum
572 1477 660 1520 iam
684 1477 856 1533 aliquot
879 1476 976 1519 dies
998 1476 1353 1532 absumpsissem
1377 1477 1423 1519 in
1451 1477 1688 1530 electione,
1715 1492 1799 1520 nec

151 1557 398 1614 quidquam
421 1556 710 1606 conficerem,
737 1569 837 1598 esse
865 1554 1055 1597 vlterius
1085 1553 1486 1610 progrediendum.
1522 1554 1588 1597 Ibi
1617 1569 1705 1611 ego
1727 1570 1800 1598 re-

149 1636 355 1692 spondeo
377 1635 494 1677 velle
517 1649 589 1676 me
612 1649 665 1677 ea
688 1640 822 1675 nocte
845 1639 1120 1688 postremam
1151 1631 1368 1674 adhibere
1391 1632 1674 1689 diligentiam
1702 1635 1730 1675 ¹.

241 1714 314 1766 48.
381 1713 483 1755 Hoc
513 1726 653 1766 quum
685 1710 910 1763 fecissem,
944 1708 1073 1752 affuit
1101 1708 1211 1751 mihi
1240 1709 1389 1765 gratia
1417 1709 1503 1753 Dei
1536 1710 1797 1766 singularis,

153 1798 214 1843 et,
246 1796 434 1845 accepto
471 1789 661 1841 calamo,
694 1787 756 1830 ita
785 1787 961 1842 scripsi,
994 1794 1043 1828 vt
1071 1786 1258 1842 spiritus
1286 1787 1368 1830 X.i
1392 1802 1465 1830 me
1491 1802 1596 1830 cum
1625 1803 1801 1832 summa

153 1867 290 1911 animi
327 1865 643 1910 consolatione
680 1866 910 1907 mouebat:
948 1865 1214 1907 «Hactenus
1242 1865 1407 1921 collegi
1437 1880 1554 1920 quae
1590 1866 1717 1921 potui
1747 1882 1800 1910 ex

154 1952 346 2000 vtraque
368 1959 457 1995 V1a,
483 1951 529 1986 et
546 1942 761 1998 comperi,
788 1956 905 1997 quae
923 1949 1081 1984 contra
1103 1942 1116 1961 ‘²
1138 1950 1402 1995 occurrunt,
1424 1950 1514 1985 tam
1538 1958 1637 1986 esse
1656 1944 1800 1996 nihili,

157 2030 207 2065 vt
229 2037 321 2065 non
344 2021 479 2064 fuerit
496 2035 735 2064 necessum
759 2019 834 2062 illa
851 2018 1117 2061 nominatim
1135 2018 1323 2062 diluere:
1351 2020 1466 2063 adde
1484 2021 1606 2075 quod
1623 2028 1804 2065 contra—

162 2100 345 2143 rietates
366 2098 606 2141 videantur
628 2112 728 2140 esse
756 2096 907 2153 potius
936 2096 1321 2139 confirmationes.
1355 2098 1492 2151 Quod
1521 2113 1630 2141 vero
1663 2100 1677 2119 ³
1709 2114 1805 2141 maa

163 2178 281 2220 xime
303 2175 504 2219 omnium
528 2190 599 2219 me
622 2182 791 2226 mouet,
819 2189 908 2230 ego
936 2175 1106 2216 nullam
1137 2174 1359 2216 rationem
1387 2174 1559 2228 inueni,
1593 2191 1710 2231 quae
1737 2176 1807 2218 vi—

162 2325 398 2368 d'attendre,
419 2336 515 2371 pour
531 2325 629 2359 fixer
648 2337 689 2359 sa
708 2324 904 2368 vocation,
924 2325 1093 2371 quelque
1118 2324 1422 2373 avertissement
1441 2328 1683 2362 surnaturel»
1710 2340 1809 2374 quae

163 2391 270 2420 certe
288 2396 377 2419 cum
397 2383 458 2429 iis,
478 2395 577 2430 quae
595 2383 643 2417 de
663 2382 793 2429 seipso
811 2388 941 2417 narrat
959 2382 1002 2416 P.
1023 2381 1164 2427 Nadal,
1183 2394 1260 2417 non
1279 2383 1437 2418 omnino
1461 2385 1712 2421 concordant.

239 2448 249 2467 ¹
300 2446 359 2479 Ex
383 2445 455 2478 hac
484 2444 726 2489 paragrapho
752 2448 791 2477 et
817 2442 1070 2489 praecedenti
1095 2442 1302 2488 perspicue
1335 2443 1458 2489 liquet
1482 2455 1559 2479 non
1583 2445 1622 2480 in
1649 2446 1811 2481 medita—

165 2505 272 2541 tione
290 2506 467 2539 duorum
486 2503 743 2544 vexillorum,
765 2502 834 2537 sed
853 2501 1000 2549 aliquot
1018 2501 1158 2536 diebus
1178 2508 1383 2549 postquam
1399 2503 1503 2538 illam
1523 2512 1743 2550 peregerat,
1763 2507 1811 2541 de

167 2563 376 2600 Societatis
407 2563 588 2598 instituto
607 2562 880 2608 amplectendo
899 2561 1001 2608 apud
1027 2573 1069 2596 se
1101 2562 1144 2596 Ρ.
1167 2562 1290 2597 Nadal
1311 2563 1551 2607 decrevisse,
1572 2564 1689 2611 idque
1720 2571 1812 2601 voto

167 2624 430 2660 confirmasse.
448 2622 562 2659 Unde
577 2621 808 2667 corrigenda
823 2621 1020 2664 videntur,
1036 2633 1135 2667 quae
1151 2621 1308 2668 scripsit
1326 2623 1528 2667 BARTOLI,
1548 2625 1623 2659 loc.
1640 2624 1707 2670 cit,
1728 2625 1812 2660 scil.

171 2685 283 2719 «Alla
300 2684 392 2727 fine,
417 2682 556 2728 giunto
580 2683 655 2716 alla
679 2680 940 2716 meditazione
965 2681 1028 2715 de'
1055 2681 1130 2715 due
1157 2681 1380 2726 Stendardi,
1401 2682 1439 2716 di
1465 2683 1527 2718 cui
1553 2685 1602 2719 ho
1627 2687 1776 2731 parlato
1794 2697 1815 2720 a

169 2756 240 2779 suo
258 2744 390 2788 luogo,
409 2741 465 2788 gli
488 2752 694 2776 convenne
719 2740 896 2775 rendersi
921 2741 1046 2786 vinto,
1070 2752 1091 2775 e
1116 2740 1177 2775 cio
1202 2742 1321 2776 allora
1345 2749 1518 2789 appunto
1537 2744 1609 2778 che
1628 2756 1676 2779 ne
1701 2756 1816 2790 parea

170 2804 236 2850 piu
254 2801 668 2838 lontano.»-«Arrive
687 2799 757 2843 (ait
775 2800 818 2834 P.
840 2800 1022 2845 MICHEL,
1042 2801 1116 2835 loc.
1132 2800 1217 2845 cit.)
1231 2801 1327 2836 dans
1343 2803 1378 2836 le
1394 2813 1507 2837 cours
1526 2802 1596 2837 des
1610 2805 1818 2839 Exercices

171 2864 192 2898 a
211 2865 246 2898 la
269 2861 501 2897 meditation
525 2860 595 2894 des
621 2861 725 2894 deux
749 2860 977 2901 e‘tendmfds,
1005 2859 1030 2894 il
1057 2861 1219 2895 s‘avoua
1238 2861 1394 2905 vaincu,
1421 2873 1468 2896 au
1494 2869 1666 2898 moment
1690 2863 1816 2898 meme

171 2935 221 2958 ou
240 2923 266 2957 il
286 2920 491 2969 paraissait
509 2919 671 2954 resister
688 2919 775 2964 plus
792 2917 1044 2953 fortement.»

245 2986 259 3004 ²
310 2981 336 3016 i.
357 2993 392 3015 e.
413 2985 546 3015 contra
564 2978 826 3013 vocationem.

248 3043 261 3061 ⁵
312 3041 401 3084 Ms.,
424 3040 544 3084 Quod
561 3049 654 3073 vero
669 3049 744 3071 me.

391 3111 507 3140 Emsr.
532 3109 565 3136 Ρ.
586 3109 720 3142 ΝΑοΑι,
742 3116 818 3137 Toni.
839 3108 864 3136 Ι.

1628 3111 1645 3138 [ὑ
