2038 3313
277 184 347 228 842
1011 184 1181 219 INDICES

326 280 498 314 Gottano
518 284 557 313 et
581 278 732 314 Cotano
749 279 813 322 (de
832 282 868 315 la
886 280 1064 324 Goutte),

326 340 374 373 P.
400 331 585 384 Joannes,
611 338 772 373 Romam
797 339 954 385 missus,
984 339 1062 383 148,

330 397 518 442 158,165.

278 457 471 500 Guzman,
487 457 531 491 P.
548 456 721 493 Didacus
735 459 799 503 de,
816 458 859 493 S.
882 460 935 505 J.,
952 469 1062 503 LXIX}

325 515 621 563 inquisitoribus
646 524 866 565 suspectus,
895 519 974 563 1683
996 519 1064 554 So-

325 578 459 613 cietati
489 581 706 625 copulatur,
737 580 822 625 1693
849 579 1063 627 discipulus

325 639 374 672 B.
399 638 563 684 Joannis
582 639 630 674 de
651 639 780 685 Avila,
801 639 884 684 2263
900 640 1062 675 Romam

326 697 456 742 venit,
493 699 580 743 2693
618 704 709 734 vota
744 700 1062 735 scholasticorum

326 757 484 801 emittit,
511 758 674 793 Romam
705 771 794 794 cum
824 759 947 794 Nadal
973 772 1062 795 con-

327 816 468 862 tendit,
485 811 568 862 25⁴73
589 817 673 864 373,
691 827 779 863 417.

278 876 470 921 Guzman,
496 877 685 912 Martinus
713 877 777 924 de,
801 878 1062 914 cubicularius

325 942 500 972 secretus
520 937 756 972 Ferdinandi
770 938 801 983 Ι,
816 939 922 984 regis
939 951 1061 974 roma-

325 1008 482 1041 norum,
519 996 668 1032 amicus
711 998 941 1045 Societatis,
977 1000 1060 1045 296,

326 1054 414 1090 300.

277 1233 477 1278 Haeresis,
498 1246 546 1268 ex
572 1235 781 1270 Germania
806 1248 875 1282 per
898 1236 1062 1281 gloriam

325 1292 470 1327 Christi
489 1294 734 1340 expellenda,
754 1304 849 1339 LXX3
881 1308 950 1342 per
974 1297 1064 1332 Gal-

324 1351 414 1385 liam
432 1358 632 1396 grassatur
657 1352 780 1398 4043,
808 1366 876 1400 per
903 1355 1065 1390 Germa-

324 1411 427 1445 niam
443 1411 619 1457 impense
628 1419 876 1459 propagatur,
887 1423 951 1458 291
962 1442 969 1458 ,
980 1413 1063 1459 302,

325 1468 408 1513 3113
430 1470 524 1504 vitia
539 1472 691 1507 haeresi
709 1472 784 1507 iter
801 1476 1049 1520 complanant

325 1529 408 1574 4733
430 1531 519 1566 vide
539 1533 756 1568 Haeretici.

277 1589 492 1635 Haeretici,
512 1593 742 1628 illuminati
759 1593 867 1639 dicti,
887 1605 946 1640 293
975 1607 1063 1631 cum

322 1650 531 1685 haereticis
547 1651 782 1688 Germaniae
802 1653 1001 1700 disputare
1020 1667 1061 1690 se

324 1720 440 1754 posse
471 1716 601 1756 sperat
630 1712 774 1758 Nadal,
806 1712 895 1758 2873
928 1726 1061 1750 eorum

323 1769 535 1805 obstinatio
554 1776 593 1805 et
611 1771 838 1817 pertinacia,
858 1783 941 1818 2943
962 1774 1063 1820 ipso-

323 1840 409 1862 rum
434 1827 522 1863 libri
546 1830 866 1877 multiplicantur3
893 1844 914 1867 a
932 1834 1061 1868 catho—

264 1899 268 1902 ’
323 1887 409 1922 licis
439 1889 637 1934 leguntur,
662 1889 746 1936 302,
774 1890 856 1936 3093
882 1893 996 1928 bonis
1020 1894 1064 1929 li-

324 1947 403 1982 bris
435 1959 501 1982 eos
533 1947 751 1995 impugnari
784 1957 894 1986 curat
924 1952 1062 1997 Nadal,

322 2005 405 2050 3103
426 2007 573 2042 inimici
588 2008 813 2056 Societatis,
834 2012 1062 2057 praesertim

325 2066 528 2111 Genevae,
546 2068 738 2104 Saxoniae
754 2076 793 2105 et
807 2070 958 2116 Tigurii
972 2073 1062 2114 (Zu-

323 2125 434 2171 rich),
453 2126 537 2171 311,
563 2137 653 2172 4403r
676 2140 809 2164 eorum
835 2131 1063 2167 catechismi

266 2197 274 2201 ·
324 2183 483 2228 sublati,
519 2184 607 2229 3123
651 2197 784 2221 eorum
825 2194 988 2223 conatus
1023 2190 1062 2224 in

323 2242 526 2289 Hispania,
553 2253 637 2290 450,
656 2254 741 2290 4513
761 2259 810 2281 ne
834 2259 922 2282 cum
941 2248 988 2283 iis
1007 2249 1062 2284 di-

322 2308 483 2348 sputent
500 2310 633 2340 monet
650 2305 772 2341 Nadal
799 2307 926 2343 socios
950 2308 1062 2344 itine—

322 2361 481 2407 ris,725;
497 2362 537 2397 in
552 2363 741 2410 Hispania
750 2366 959 2413 combusti,
976 2369 1059 2412 7263

320 2420 510 2456 adversus
528 2422 791 2469 inquisitionis
810 2425 978 2462 tribunal
1006 2427 1045 2462 in

324 2481 534 2527 vehuntur,
549 2490 632 2527 7273
648 2483 853 2528 religiosos
868 2485 1062 2521 insectan-

323 2544 399 2582 tur,
419 2539 502 2583 728,
529 2549 612 2585 7293
642 2541 681 2576 in
706 2542 834 2578 Gallia
857 2544 1061 2591 exagitati,

322 2598 405 2643 748,
431 2607 517 2643 750·

275 2657 389 2703 Hala,
408 2658 448 2693 in
467 2659 694 2706 Germania,
715 2671 758 2696 x.

276 2715 431 2750 Halifax
446 2717 494 2751 de
510 2717 764 2764 Sacrobosco,
775 2720 961 2765 joannes,
977 2721 1059 2756 601.

276 2775 461 2822 Hallariz,
480 2777 570 2811 vide
595 2778 759 2813 AllariZ.

275 2834 451 2877 Hebron,
472 2835 515 2870 S.
541 2835 805 2883 Hieronymus
823 2837 887 2884 de,
910 2847 993 2883 152.

274 2891 420 2936 Helmi,
441 2893 487 2927 P.
513 2893 672 2940 Caesar,
693 2895 735 2931 S.
763 2897 824 2941 J.,
840 2902 968 2933 rector
985 2899 1061 2933 col-

324 2951 416 2996 legii
432 2953 579 2999 veneti,
599 2953 685 2989 320.

272 3009 483 3056 Henricus,
498 3012 718 3058 cardinalis,
736 3015 896 3059 Joannis
912 3017 982 3061 III,
1003 3028 1060 3051 re-

1055 1503 1063 1520 7

1185 281 1246 325 gis
1262 281 1540 327 Portugalliae,
1556 281 1690 326 frater,
1706 290 1776 325 XX3
1793 281 1927 316 funda—

1187 345 1246 375 tor
1277 340 1435 387 collegii
1467 340 1684 385 eborensis,
1724 343 1804 385 170,
1844 340 1925 376 180-

1190 400 1269 444 186,
1293 401 1371 445 1963
1398 400 1625 447 frequenter
1643 400 1692 435 de
1716 401 1801 435 Deo
1820 401 1925 446 cogi-

1186 464 1256 503 tat,
1275 468 1364 504 4743
1385 459 1536 494 Natalis
1551 458 1766 505 studiosus,
1784 459 1870 494 808.

1138 519 1375 566 Henriques,
1395 519 1486 554 vide
1504 518 1713 565 Enriques.

1138 578 1383 625 Herbipolis,
1412 578 1738 623 WVirceburgum,
1770 580 1924 622 (WVtirz-

1185 639 1315 683 burg),
1331 647 1435 673 xxx.

1137 697 1319 743 Hermes,
1339 697 1429 732 vide
1449 697 1580 732 Clerc.

1136 757 1387 801 Hernandez,
1402 757 1445 791 P.
1462 758 1795 801 Bartholomaeus,
1813 756 1852 791 S.
1871 757 1924 802 J.,

1182 821 1310 851 rector
1325 816 1636 851 salmanticensis
1654 815 1823 861 collegii,
1838 814 1922 860 653.

1137 876 1385 922 Hernandez,
1414 877 1462 911 P.
1500 877 1744 922 Emmanuel,
1772 876 1815 911 S.
1861 876 1923 921 J.,

1184 936 1310 971 Villae
1329 935 1505 971 Vitiosae
1524 935 1777 971 concionatur
1794 946 1924 970 coram
1981 953 1984 957 «
2018 942 2021 945 ’

1182 996 1281 1030 duce
1300 995 1538 1041 Brigantiae,
1559 1003 1646 1040 772.

1135 1055 1385 1100 Hernandez,
1405 1055 1448 1089 P.
1478 1055 1636 1099 Paulus,
1664 1054 1709 1089 S.
1734 1055 1795 1100 J.,
1821 1054 1924 1088 Mur-

1181 1115 1264 1150 ciae
1284 1115 1390 1150 Patri
1408 1115 1532 1150 Miron
1551 1114 1754 1159 suffectus,
1774 1113 1861 1158 478.

1136 1176 1319 1220 Herrera,
1334 1174 1541 1209 Francisca
1554 1174 1617 1218 de,
1631 1179 1753 1208 mater
1762 1172 1923 1220 Cypria—

1184 1234 1224 1269 ni
1243 1234 1403 1278 Suarez,
1423 1242 1503 1278 579.

1137 1294 1310 1341 Hispalis
1328 1294 1521 1338 (Sevilla),
1541 1292 1698 1338 collegii
1718 1292 1760 1327 S.
1788 1292 1828 1337 J.
1853 1291 1924 1326 ini-

1186 1354 1254 1399 tia,
1275 1362 1358 1398 221,
1378 1353 1461 1399 239,
1481 1352 1566 1397 362,
1587 1351 1670 1397 537,
1687 1350 1773 1396 538.

1138 1413 1532 1460 —Archiepiscopus,
1552 1412 1641 1447 vide
1659 1411 1821 1446 ValdeS.

1139 1474 1341 1520 Hispania,
1369 1472 1545 1508 Societas
1580 1483 1681 1506 nova
1715 1471 1801 1506 luce
1835 1474 1924 1516 post

1184 1534 1395 1580 procellam
1413 1533 1549 1576 claret,
1567 1531 1652 1575 672,
1670 1530 1754 1574 6753
1770 1528 1924 1575 hispani

1185 1603 1205 1627 e
1225 1590 1353 1627 Gallia
1371 1589 1582 1635 deturbati,
1598 1588 1657 1633 303
1678 1587 1768 1623 vide
1782 1586 1921 1632 Nadal,

1183 1661 1226 1695 4.
1240 1648 1673 1695 -Borja.—Philippus
1700 1647 1922 1682 IL—Exer-

1184 1710 1276 1745 citia
1290 1709 1522 1756 spiritualia.

1136 1770 1296 1811 Hosius,
1315 1769 1548 1813 Stanislaus,
1562 1767 1769 1803 cardinalis
1784 1771 1824 1801 et
1842 1766 1922 1812 epi-

1183 1841 1325 1876 scopus
1350 1828 1596 1873 varmiensis,
1616 1837 1685 1871 XX,
1714 1825 1922 1862 cardinalis

1183 1894 1353 1933 creatus,
1371 1887 1457 1933 394.

1137 1950 1282 1993 Huete,
1303 1947 1394 1983 vide
1414 1946 1534 1993 Opta.

1136 2007 1362 2051 Humilitas,
1383 2006 1473 2041 vide
1492 2004 1689 2041 Demissio
1708 2005 1846 2040 animi.

1137 2061 1314 2102 Hurtado
1337 2066 1386 2100 de
1414 2064 1618 2106 Mendoza,
1643 2064 1830 2109 Didacus,
1861 2075 1924 2099 co-

1184 2138 1267 2161 mes
1286 2127 1323 2161 II
1341 2126 1389 2160 de
1409 2124 1559 2169 Melito,
1587 2133 1669 2169 2473
1689 2124 1837 2159 amicus
1855 2123 1922 2159 So-

1183 2185 1353 2226 cietatis,
1374 2183 1457 2230 213,
1486 2182 1568 2227 238;
1597 2184 1645 2218 ab
1672 2183 1756 2229 ipsa
1781 2183 1924 2218 aliena-

1183 2249 1261 2288 tus,
1281 2250 1320 2279 et
1338 2243 1494 2279 tandem
1518 2243 1807 2287 reconciliatus3
1829 2243 1924 2277 Ara-

1181 2304 1322 2349 goniae
1341 2315 1481 2350 prorex
1504 2302 1762 2347 renuntiatur,
1782 2309 1870 2347 252.

1135 2363 1313 2399 Hurtado
1346 2363 1394 2398 de
1430 2362 1638 2406 Mendoza,
1675 2361 1920 2406 Franciscus,

1182 2423 1432 2458 Montisaeuti
1450 2433 1597 2467 comes,
1617 2426 1657 2456 et
1674 2421 1854 2456 dominus
1872 2421 1920 2456 de

1183 2484 1371 2518 Almazan
1388 2482 1575 2527 (marchio
1593 2482 1610 2516 I
1629 2483 1678 2517 ab
1696 2493 1798 2516 anno
1815 2485 1922 2526 1575)

1183 2542 1392 2577 Societatis
1411 2553 1559 2586 amans,
1578 2550 1663 2585 414.

1135 2602 1312 2637 Hurtado
1353 2601 1401 2636 de
1437 2601 1645 2645 Mendoza,
1682 2600 1921 2645 Ludovicus,

1183 2662 1354 2696 marchio
1373 2662 1409 2696 ΙΙ
1427 2661 1476 2695 de
1492 2660 1706 2705 Mondejar,
1721 2671 1852 2695 comes
1866 2660 1924 2695 III

1184 2720 1232 2755 de
1251 2720 1446 2765 Tendilla,
1463 2720 1561 2765 regii
1576 2725 1736 2755 senatus
1751 2731 1925 2766 praeses,

1185 2789 1269 2824 424,
1288 2780 1374 2825 647,
1392 2781 1478 2824 672,
1499 2787 1582 2824 797,
1602 2787 1686 2825 799,
1713 2778 1799 2813 800-

1524 2870 1547 2907 Ι

1136 2957 1312 3003 Ignatius
1336 2957 1383 2992 de
1415 2958 1576 3004 Loyola,
1598 2956 1807 2992 Societatis
1826 2956 1922 3001 Jesu

1182 3017 1375 3059 fundator,
1397 3017 1482 3063 ejus
1507 3017 1637 3052 obitus
1655 3026 1710 3062 lx,
1736 3015 1821 3060 345;
1846 3015 1920 3049 Na-
