2038 3313
266 200 366 228 xxm
887 192 1066 228 NOTITIA
1095 201 1283 228 comeum

266 296 544 351 Cordubam,
572 296 798 348 Toletum,
821 296 1113 351 Complutum
1140 306 1210 338 2.0
1229 331 1238 349 ,
1259 294 1577 339 Vallisoletum
1601 306 1666 338 1.0
1686 330 1694 348 ,
1719 295 1909 337 Placen-

264 374 387 427 tiam,
414 374 752 425 Salmanticam,
780 374 999 425 Abulam,
1027 375 1360 430 Methymnam,
1393 372 1687 424 Tordesillas,
1715 371 1909 415 Valliso—

264 453 404 496 letum
423 463 492 495 2.0
512 486 520 504 ,
544 452 811 503 Palentiam,
834 451 1114 504 Trevinium,
1136 453 1383 505 Onnatem,
1402 451 1632 506 Loyolam,
1656 451 1910 493 Caesarau-

264 537 463 586 gustam,
490 530 739 581 Concham,
767 528 1039 581 Valentiam,
1065 528 1308 581 Gandiam,
1339 535 1384 571 et
1412 527 1647 572 Murciam.
1681 527 1799 571 Dein
1828 543 1910 570 na—

264 607 542 664 vigationem
572 606 618 649 in
647 607 819 650 Italiam
849 614 1045 660 enarrat,
1077 608 1124 649 ff.
1161 619 1321 663 39—403
1355 612 1399 650 et
1429 608 1599 649 Romae
1629 613 1759 662 gesta
1782 605 1911 648 annis

272 695 542 740 1554-1555‚
568 686 615 728 ff·
649 696 806 740 ιιι-45.

353 764 396 806 Α
420 762 526 806 folio
549 764 606 817 46
629 763 863 806 exordium
887 764 1012 807 ducit
1034 763 1234 807 secunda
1257 763 1356 818 ejus
1378 762 1548 815 missio,
1569 762 1643 805 cui
1660 763 1783 804 hunc
1802 761 1910 804 titu—

262 842 355 883 lum
379 841 622 898 inscripsit:
653 853 749 885 «za
775 842 944 894 missio,
970 856 1088 897 quae
1112 840 1195 883 fuit
1218 840 1361 897 prima
1383 840 1427 882 in
1451 840 1788 884 Germaniam.»
1822 842 1911 883 Fo—

262 918 333 962 liis
355 919 491 973 46-61
519 920 834 976 complectitur
851 927 982 977 gesta
999 919 1220 970 Viennae,
1244 918 1449 970 Bassani,
1471 917 1691 970 Venetiis,
1715 918 1906 969 Patavii,

261 998 297 1040 F
300 997 510 1051 errariae,
538 998 785 1050 Bononiae,
812 999 1005 1041 Genuae
1027 1004 1071 1040 et
1094 996 1369 1040 Florentiae.

351 1075 483 1118 Initio
507 1075 599 1118 folii
622 1076 676 1118 62
700 1078 810 1118 haec
835 1074 1068 1131 inscriptio
1091 1074 1238 1131 posita
1261 1084 1344 1117 est:
1382 1076 1583 1118 «Romae
1614 1089 1668 1117 ex
1697 1073 1910 1116 missione

260 1154 401 1210 prima
432 1152 737 1210 germanica.»
773 1152 1080 1208 Consequitur
1108 1152 1305 1195 narratio
1336 1152 1562 1195 secundae
1591 1151 1833 1203 missionis,
1866 1159 1910 1195 et

262 1232 346 1274 iter
375 1230 421 1273 in
451 1230 716 1287 Hispaniam
748 1232 808 1287 (ff.
852 1231 1022 1286 63-68).
1060 1230 1236 1274 Folium
1276 1232 1332 1288 69
1364 1231 1449 1272 hac
1478 1230 1716 1273 inchoatur
1749 1229 1909 1272 inscri—

261 1309 430 1365 ptione:
461 1311 537 1352 «In
561 1309 781 1366 Hispania
806 1321 948 1352 2.0—
964 1320 1011 1364 15
1019 1310 1119 1364 56.»
1146 1311 1216 1352 De
1239 1310 1324 1351 hac
1347 1308 1549 1351 secunda
1572 1306 1785 1351 missione
1816 1307 1909 1349 dis—

263 1387 372 1430 serit
395 1388 442 1430 ff.
466 1388 622 1445 69-86.
1768 1387 1770 1391 “

350 1465 476 1508 Folio
502 1466 556 1519 87
579 1465 653 1508 hic
677 1465 836 1508 titulus
859 1466 1087 1522 praefixus
1109 1471 1193 1509 est:
1225 1466 1438 1516 «Romae,
1464 1470 1566 1520 post
1591 1475 1700 1506 2,am
1730 1463 1908 1507 missio-

261 1559 364 1587 nem
389 1543 435 1586 in
459 1543 742 1600 Hispaniam,
768 1543 938 1586 vicario
964 1546 1016 1587 P.
1049 1544 1250 1599 Layne.»
1283 1542 1348 1586 Ibi
1371 1541 1517 1585 fusius
1545 1541 1905 1598 perscribuntur,

261 1623 436 1674 turbae,
465 1624 635 1665 Romae
657 1637 683 1665 a
708 1625 801 1665 PP.
831 1621 1065 1665 Bobadilla
1088 1628 1133 1664 et
1156 1620 1322 1664 Pontio
1345 1621 1619 1677 Cogordano
1643 1619 1905 1671 suscitatae,

262 1700 410 1744 Patris
434 1700 579 1744 Nadal
597 1715 677 1756 pro
696 1700 865 1743 tuenda
882 1699 1037 1742 vicarii
1055 1698 1326 1742 auctoritate
1343 1698 1607 1750 decertatio,
1629 1705 1715 1741 etc.
1728 1732 1737 1750 ,
1758 1699 1805 1740 ff.
1828 1699 1904 1752 87-

272 1789 366 1832 107.
405 1779 447 1821 A
482 1778 558 1821 fol.
602 1779 698 1829 108,
742 1776 1031 1834 prosequitur
1064 1792 1135 1820 res
1168 1792 1288 1820 anno
1334 1777 1442 1832 1558
1476 1778 1647 1819 Romae
1684 1782 1903 1831 peractas,

262 1871 407 1911 usque
431 1857 487 1899 ad
517 1870 687 1899 annum
723 1856 848 1910 1561.

350 1933 504 1977 Missio
528 1933 659 1977 tertia
683 1932 831 1977 Patris
855 1933 1001 1977 Nadal
1023 1932 1069 1974 in
1102 1931 1389 1988 Hispaniam,
1422 1931 1582 1975 litteris
1610 1932 1907 1989 consignatur

258 2028 282 2055 a
308 2013 381 2054 fol.
416 2024 496 2065 124
518 2027 582 2065 V.,
610 2011 688 2054 ubi
710 2011 757 2054 in
780 2011 985 2067 margine
1007 2012 1121 2054 haec
1138 2009 1313 2053 notavit
1330 2009 1426 2066 ipse
1443 2017 1616 2053 auctor:
1643 2027 1659 2047 a
1670 2011 1719 2053 In
1737 2010 1906 2066 Hispa-

258 2089 376 2132 niam
403 2100 499 2144 3.0,
533 2090 688 2144 15613»
718 2103 861 2144 usque
884 2090 941 2132 ad
964 2089 1040 2131 fol.
1075 2089 1171 2132 188.
1199 2086 1264 2130 Ibi
1282 2086 1547 2144 singillatim
1571 2087 1723 2144 agitur
1746 2088 1802 2130 de
1824 2088 1906 2130 do·-

258 2167 406 2209 mibus
427 2174 472 2210 et
495 2166 700 2223 collegiis
724 2166 973 2224 Hispaniae
996 2173 1041 2209 et
1064 2165 1326 2210 Lusitaniae
1348 2180 1374 2208 a
1398 2167 1449 2208 P.
1485 2165 1630 2209 Nadal
1659 2166 1899 2221 perlustra-

258 2244 330 2298 tis,
356 2260 419 2288 sc.
447 2244 504 2287 de
525 2244 787 2297 conchensi,
814 2244 1131 2301 complutensi,
1159 2243 1381 2296 abulensi,
1407 2242 1765 2294 salmanticensi,
1803 2257 1907 2298 por-

259 2322 424 2375 tuensi,
470 2322 809 2375 braccharensi,
852 2321 1232 2378 monteregiensi,
1275 2320 1644 2372 conimbricensi,
1681 2319 1904 2364 eborensi.

261 2399 609 2456 ulyssiponensi,
636 2399 897 2452 olcadiensi,
924 2407 1012 2444 etc.

348 2479 396 2521 ln
420 2478 496 2520 fol.
530 2478 624 2534 189,
652 2477 724 2520 hic
750 2477 908 2520 titulus
932 2484 1197 2521 annotatur:
1236 2496 1251 2514 α
1270 2478 1318 2519 In
1347 2476 1509 2520 itinere
1540 2477 1908 2531 Caesaraugusta

258 2557 469 2599 Tolosam
492 2554 538 2597 in
560 2554 911 2598 Galliam.»—A
937 2555 1011 2597 fol.
1046 2568 1142 2611 199,
1169 2555 1226 2597 ad
1251 2565 1334 2608 207
1357 2553 1404 2596 hi
1423 2553 1542 2596 tituli
1559 2552 1817 2596 successive
1835 2567 1907 2596 re—

260 2633 517 2690 periuntur:
568 2633 927 2675 «Tolosae—In
970 2633 1042 2675 via
1087 2629 1907 2675 Tolosa-Ruthenum.—Rutheni.—

260 2713 309 2755 In
346 2710 507 2754 itinere
539 2708 1452 2754 Rutheno-Billionum.—Billiomi.-—In
1479 2708 1640 2751 itinere
1673 2707 1906 2750 Billiomo-

261 2788 495 2833 Luteciam
504 2815 575 2831 .-
586 2787 1096 2832 Luteciae.—Tornaci.
1109 2813 1166 2818 —
1175 2786 1457 2842 Antuerpiae
1466 2784 1731 2829 .—Louanii
1740 2820 1745 2827 .
1754 2786 1906 2828 —Co—

258 2866 567 2910 Ioniae—Ad
590 2866 761 2909 fontem
785 2863 1298 2921 spaensem.—Treuiri.
1313 2862 1600 2919 »——Singulis
1623 2861 1748 2905 hisce
1767 2862 1908 2905 titulis

256 2943 562 2999 subjiciuntur
585 2944 746 2986 breves
770 2957 918 2985 rerum
944 2942 1004 2984 ibi
1028 2948 1261 2998 gestarum
1285 2940 1610 2993 enarrationes,
1647 2954 1727 2982 seu
1758 2939 1907 2996 potius

262 3020 452 3066 elenchi.
488 3020 682 3078 Explicit
721 3027 844 3065 totus
882 3020 1024 3063 codex
1063 3018 1401 3076 ephemeridum
1440 3020 1489 3061 P.
1533 3017 1677 3061 Nadal
1716 3016 1762 3059 in
1801 3017 1906 3060 folio
