2038 3313
855 227 1057 273 1538-1545
1757 236 1778 273 7

215 346 285 377 22.
352 332 521 389 Scripsi
544 346 626 388 pro
642 328 944 373 locationibus
961 328 1133 381 ouium,
1154 328 1307 371 nescio
1330 343 1389 371 an
1407 335 1543 372 recte.
1569 330 1777 372 Thesau—

124 410 285 464 rarius,
314 409 428 467 (siue
449 416 499 452 vt
521 409 610 452 11110
632 408 813 462 vocant)
838 406 1027 449 sacrista
1051 408 1392 449 Montannanus
1421 407 1449 459 ¹,
1476 406 1534 447 de
1562 420 1645 448 sua
1667 420 1777 462 erga

125 503 197 532 me
214 496 259 532 et
277 488 556 531 auunculum
574 484 910 536 beneuolentia,
932 483 1163 527 nitebatur
1179 498 1252 526 me
1270 497 1492 529 recreare.
1515 482 1690 539 Allegit
1708 498 1780 526 me

124 566 313 609 consilio
335 564 657 620 inquisitionis,
685 565 948 618 frequenter
964 576 1036 604 me
1059 562 1255 604 ducebat
1278 562 1335 603 ad
1354 560 1533 603 vineam
1552 561 1780 603 suburba—

127 659 230 686 nam
254 650 514 694 coenatum,
555 655 787 698 pransum,
829 646 874 682 et
912 653 1241 693 nonnunquam
1272 637 1516 693 aliquando
1545 638 1602 680 ad
1632 637 1781 680 fratris

123 720 374 777 praedium,
401 719 604 775 quotidie
626 721 721 762 fere
743 718 937 760 vocabat
960 717 1016 759 ad
1039 716 1279 772 prandium
1296 716 1370 758 vel
1388 729 1593 758 coenam.
1616 716 1667 757 In
1684 715 1780 757 col—

125 798 287 854 loquiis
316 797 516 840 virorum
545 795 858 852 primariorum
892 809 1013 837 eram
1045 795 1257 848 frequens
1287 793 1408 849 apud
1439 793 1651 845 eundem;
1685 800 1781 835 erat

124 875 233 918 mihi
272 874 504 917 familiaris
542 881 586 917 et
624 880 785 930 gratus
818 875 879 916 M.
924 870 1142 914 Palouius
1165 872 1198 923 ‘²3
1224 871 1247 895 '¹‘
1287 870 1407 912 ibam
1441 869 1687 924 aliquando
1720 870 1778 912 ad

123 952 491 996 amoenissimum
521 951 755 1007 praedium
794 965 945 993 meum
975 948 1319 991 binibassanum
1343 947 1365 971 ’¹‘
1396 949 1428 1001 5;
1466 961 1627 990 verum
1667 946 1779 989 nihil

124 1032 285 1072 horum
323 1029 444 1072 illam
481 1036 658 1084 poterat
696 1027 1030 1084 aegritudinem
1064 1025 1348 1078 imminuere3
1385 1025 1586 1080 augebat
1623 1024 1777 1080 potius

125 1107 324 1150 fastidita
346 1105 567 1149 recreatio
595 1105 905 1148 acerbitatem.

215 1197 285 1238 23.
353 1185 482 1226 Haec
512 1197 652 1237 quum
677 1197 833 1224 omnes
854 1181 1078 1232 viderent,
1105 1181 1229 1223 solus
1249 1179 1468 1223 Palouius
1484 1181 1779 1223 vehementer

122 1277 171 1305 se
193 1261 359 1304 mirari:
386 1260 500 1302 dixit
522 1259 631 1302 mihi
656 1259 1000 1302 familiarissime
1022 1258 1068 1299 in
1089 1257 1224 1300 vinea
1252 1256 1566 1301 Montannani:
1593 1270 1774 1313 «quare,

123 1354 263 1394 quum
292 1338 406 1381 nihil
433 1345 568 1389 esset,
602 1352 707 1392 quo,
749 1351 830 1393 pro
868 1343 1014 1379 status
1032 1335 1119 1378 mei
1143 1334 1367 1391 dignitate
1395 1333 1479 1393 [ac]
1507 1348 1657 1390 posse,
1684 1347 1777 1375 non

121 1419 369 1468 affluerem,
392 1423 541 1459 tamen
559 1429 737 1470 semper
754 1428 900 1457 essem
918 1412 1058 1455 tristis
1076 1427 1129 1455 ac
1146 1411 1546 1455 melancholicus.»
1569 1413 1779 1467 Respon—

122 1494 167 1536 di
189 1509 261 1537 me
284 1493 466 1549 quidem
485 1493 596 1535 illud
625 1493 640 1512 ¹*
671 1492 786 1534 scire
816 1490 1009 1548 plenius,
1041 1497 1087 1533 et
1109 1490 1299 1547 grauius
1327 1489 1706 1541 animaduertere,
1733 1495 1779 1531 et

121 1571 268 1628 magis
285 1570 453 1624 mirari3
480 1570 590 1625 quin
613 1569 781 1626 potius,
808 1568 845 1611 si
867 1583 1052 1611 causam
1076 1567 1187 1623 ipse,
1213 1568 1287 1610 vel
1310 1566 1460 1622 quiuis
1490 1566 1622 1619 alius,
1649 1580 1776 1609 moe—

121 1648 234 1692 roris
256 1647 366 1690 mihi
388 1654 542 1704 posset
564 1647 805 1703 explicare,
831 1645 944 1687 nihil
966 1645 1075 1687 mihi
1104 1659 1238 1700 posse
1266 1643 1536 1700 contingere
1564 1649 1779 1699 peropta-

124 1726 230 1779 tius,
257 1741 341 1769 nec
364 1725 411 1768 in
433 1740 523 1781 quo
547 1725 693 1767 maius
716 1726 833 1767 bene
855 1723 1061 1779 accipere
1083 1736 1278 1779 possem.

215 1817 286 1858 24.
354 1803 491 1847 Venit
521 1817 677 1845 caesar
715 1802 906 1845 Carolus
937 1799 1176 1843 Maioricas
1206 1801 1237 1851 ⁵,
1270 1798 1495 1855 navigans
1522 1799 1579 1840 ad
1601 1797 1772 1840 bellum

194 1987 204 2006 ¹
258 1983 479 2018 «Sacristan
493 1994 518 2028 y
532 1982 725 2026 cant'migo
740 1981 805 2016 fue
821 1980 870 2015 de
889 1985 974 2015 esta
989 1985 1102 2014 santa
1121 1979 1266 2024 Iglesia
1284 1980 1319 2013 el
1340 1979 1409 2013 Dr.
1426 1978 1585 2013 Nicolas
1603 1977 1652 2011 de
1668 1977 1776 2011 Mon-

120 2048 257 2079 tafians
276 2055 302 2089 y
320 2042 480 2088 Berard,
499 2054 575 2089 que
594 2041 661 2076 fue
686 2040 903 2088 inquisidor
933 2040 982 2075 de
1002 2045 1086 2074 este
1110 2039 1220 2074 reino
1239 2051 1265 2085 y
1290 2038 1457 2074 escribio
1483 2038 1775 2072 doctamente.»

120 2102 434 2147 DAMETo-MUT,
453 2101 560 2135 Hist.
581 2101 627 2134 de
643 2099 858 2140 Ilffallorca,
880 2104 908 2133 t.
929 2099 1000 2141 III,
1021 2099 1046 2132 1.
1068 2099 1137 2141 XI,
1157 2109 1192 2132 0.
1213 2097 1248 2132 3.
1271 2098 1314 2131 In
1333 2096 1654 2131 annotationibus
1681 2105 1776 2129 vero

120 2162 235 2207 hujus
255 2161 399 2208 operis,
418 2172 518 2207 quae
545 2164 636 2195 sunt
664 2159 704 2194 in
735 2160 813 2193 vol.
846 2159 898 2202 Π,
930 2159 1028 2193 haec
1046 2158 1095 2192 de
1115 2159 1286 2192 Doctore
1318 2157 1566 2199 Montafians,
1586 2166 1675 2201 pag.
1691 2154 1776 2199 655,

132 2220 393 2267 reperiuntur:
424 2221 496 2254 «D.
525 2219 683 2254 Nicolas
700 2219 933 2253 Montafians
960 2229 985 2264 y
1000 2217 1160 2261 Berard,
1180 2217 1332 2251 natural
1351 2216 1400 2251 de
1425 2216 1560 2250 Palma
1578 2217 1599 2249 e
1630 2213 1711 2260 hijo
1729 2213 1778 2247 de

121 2293 198 2316 una
220 2280 368 2315 familia
397 2279 634 2314 nobilisima.
667 2279 749 2313 Fue
774 2283 903 2312 rector
921 2277 969 2312 de
989 2279 1025 2312 la
1044 2276 1249 2323 parroquia
1275 2276 1323 2311 de
1348 2277 1544 2318 Manacor,
1570 2273 1780 2321 posterior-

124 2346 255 2376 mente
275 2340 437 2375 sacrista
454 2352 479 2386 y
497 2339 690 2383 canonigo
715 2338 763 2372 de
783 2343 943 2372 nuestra
961 2337 1148 2381 catedral,
1167 2349 1193 2383 y
1212 2348 1281 2383 por
1300 2335 1438 2371 ultimo
1456 2334 1598 2370 creado
1618 2333 1778 2381 inquisi-

125 2400 194 2435 dor
212 2400 261 2435 de
280 2405 365 2435 este
383 2399 492 2434 reino
512 2411 561 2433 en
581 2400 615 2433 el
636 2402 711 2432 afio
734 2406 862 2442 1541.»

195 2462 210 2481 2
261 2459 361 2505 Quis
380 2457 499 2492 fuerit
516 2457 579 2492 hic
598 2457 649 2491 M.
671 2457 870 2500 Palovius,
890 2467 968 2490 non
986 2461 1095 2489 certo
1114 2455 1227 2490 nobis
1258 2459 1426 2490 constat.
1453 2452 1696 2498 Conjicimus
1720 2457 1776 2486 ta-

125 2531 215 2554 men
232 2519 295 2554 hic
308 2518 372 2564 agi
386 2518 434 2553 de
450 2519 621 2552 Doctore
638 2518 786 2562 Jacobo
802 2517 937 2559 Palou,
954 2515 1002 2550 de
1017 2527 1094 2561 quo
1108 2516 1205 2550 haec
1224 2515 1360 2550 scribit
1376 2514 1522 2555 FURIO,
1540 2513 1773 2554 Memorias,

125 2590 214 2625 pag.
238 2587 318 2622 142.
340 2577 584 2612 «Pronuncio
603 2588 680 2611 una
699 2577 881 2621 elegante
906 2575 1065 2610 oracion
1090 2586 1139 2609 en
1163 2576 1286 2609 honor
1310 2575 1372 2609 del
1398 2572 1551 2608 difunto
1577 2571 1777 2617 (Gregorii

124 2637 349 2679 Genovard,
370 2636 565 2680 canonici)
583 2637 618 2671 el
640 2638 709 2671 Dr.
731 2637 780 2670 D.
810 2637 950 2681 Jayme
975 2635 1135 2669 Palou.»
1168 2635 1287 2669 Porro
1314 2633 1530 2678 Gregorius
1549 2631 1776 2674 Genovard,

122 2698 300 2744 piisimus
318 2697 378 2732 vir
397 2702 436 2732 et
454 2696 638 2731 fundator
657 2707 733 2730 una
751 2707 839 2729 cum
860 2695 960 2729 Ven.
981 2695 1184 2729 Elisabeth
1203 2694 1324 2737 Cisra,
1344 2692 1516 2738 collegii,
1542 2691 1637 2726 dicti
1661 2692 1708 2725 de
1734 2691 1775 2725 la

124 2758 316 2798 Cxianza,
336 2757 508 2791 decessit
527 2757 685 2790 Palmae
710 2754 933 2800 Majoricae,
957 2763 998 2798 15
1020 2754 1251 2789 Decembris
1274 2753 1377 2798 1533.
1399 2752 1500 2787 Vide
1519 2751 1633 2797 infra,
1653 2763 1691 2785 n.
1712 2759 1773 2795 27,

122 2815 189 2851 ubi
207 2817 255 2850 ab
274 2816 398 2850 amico
415 2826 485 2850 suo
505 2815 627 2849 Palou
646 2814 700 2848 ait
719 2814 839 2848 etiam
858 2812 982 2847 Nadal
1009 2812 1183 2857 elogium
1207 2812 1373 2847 funebre
1393 2812 1495 2846 Ven.
1522 2810 1774 2845 Elisabethae

124 2874 232 2910 Cisra
250 2875 544 2921 pronuntiatum
562 2874 700 2908 fuisse.

198 2935 212 2955 ³
263 2935 375 2980 Quae
393 2935 466 2969 hoc
484 2934 598 2979 signo
615 2934 634 2953 *
655 2933 805 2968 inclusa
823 2936 928 2975 sunt,
946 2931 985 2966 in
1005 2932 1180 2977 margine
1199 2931 1348 2966 addidit
1367 2930 1503 2965 Nadal.

201 2995 216 3014 ⁴
266 2994 339 3029 Ms.
376 2994 510 3029 illum.

202 3054 216 3074 ⁵
266 3020 430 3099 Apfiulit
447 3064 581 3088 caesar
600 3058 754 3099 portum
774 3051 1072 3097 majoricensem
1095 3050 1136 3085 13
1161 3049 1346 3087 Octobris
1365 3050 1456 3085 anni
1484 3057 1587 3093 1541.
1608 3048 1669 3081 De
1694 3046 1782 3091 ejus
