2038 3313
860 218 1063 265 1545-1546
1742 229 1784 264 19

229 334 300 379 53.
368 323 539 367 Eodem
563 322 637 366 die
658 321 782 376 voui,
809 321 847 364 si
869 335 961 364 non
984 320 1206 377 reciperet
1228 319 1455 371 Societas,
1489 320 1610 375 quod
1639 334 1784 363 essem

138 408 290 444 tamen
313 399 398 443 tria
420 407 526 443 vota
549 398 781 456 religionis
805 399 1024 441 facturus.

231 489 300 533 54.
368 475 485 536 [Die]
511 491 534 532 3
558 475 841 528 Decembris,
868 475 1021 518 addidi
1044 481 1217 528 votum,
1245 475 1368 530 quod
1396 475 1563 518 nollem
1593 474 1703 517 mihi
1732 475 1787 517 li-

140 557 363 599 bertatem
381 554 486 598 alibi
505 553 704 598 uouendi
723 567 972 605 remanere,
992 551 1079 595 nisi
1097 552 1279 607 quando
1301 552 1426 594 nulla
1446 551 1637 606 ratione,
1663 553 1789 595 nullo

140 634 290 685 modo,
316 633 374 676 ad
395 633 570 675 nullum
593 630 908 682 ministerium,
935 629 1070 672 etiam
1092 628 1315 680 infimum,
1342 643 1415 672 me
1431 629 1568 672 vellet
1590 628 1789 685 recipere

138 710 361 756 Societas.

231 799 300 843 55.
367 785 482 847 [Die]
508 799 562 841 27
582 785 871 838 Nouembris,
893 784 1179 828 examinatus
1198 799 1223 826 a
1243 786 1294 827 P.
1318 783 1600 840 Hieronymo
1616 786 1788 828 Dome—

141 880 269 918 neco,
296 880 437 921 quum
477 865 663 908 fuissem
702 863 747 906 in
786 861 1013 906 exercitiis
1042 874 1096 905 22
1121 862 1234 913 dies,
1267 862 1427 905 eadem
1455 863 1566 905 hora
1603 861 1790 919 promisi

137 943 286 987 eidem
312 942 435 986 Patri
458 945 723 986 Domeneco
746 955 819 983 me
841 939 1166 996 dispositurum
1192 946 1281 982 tam
1305 939 1362 982 de
1378 939 1632 993 beneficiis,
1653 928 1788 995 quam

136 1021 196 1063 de
218 1020 349 1063 bonis
371 1019 469 1063 aliis
500 1018 907 1075 patrimonialibus,
940 1018 1122 1074 quando
1153 1016 1289 1060 fuerit
1317 1031 1343 1059 a
1370 1017 1628 1073 praeposito
1656 1031 1789 1073 prae-

139 1105 339 1154 ceptum.

233 1175 303 1229 56.
370 1172 486 1233 [Die]
511 1186 581 1231 29,
610 1173 673 1216 fui
696 1174 879 1216 domum
904 1173 961 1215 ad
990 1172 1265 1217 Societatem
1288 1180 1515 1229 receptus.

233 1263 304 1306 57.
371 1252 543 1294 Eodem
566 1251 655 1302 die,
682 1250 795 1293 dixit
818 1250 928 1292 mihi
954 1253 1006 1293 P.
1034 1250 1240 1306 Ignatius
1263 1257 1313 1292 vt
1335 1257 1438 1306 post
1467 1263 1491 1293 2
1516 1250 1613 1294 dies
1642 1265 1788 1294 essem

145 1330 340 1372 famulus
377 1328 496 1379 coci,
538 1336 583 1372 et
613 1328 818 1371 iuuarem
847 1327 983 1370 etiam
1012 1328 1326 1379 hortulanum,
1358 1327 1561 1383 quotidie
1588 1329 1788 1385 legerem

143 1421 283 1449 vnum
308 1406 557 1462 capitulum
581 1421 637 1449 ex
659 1406 884 1457 Gersone,
909 1404 956 1446 in
979 1419 1070 1459 quo
1093 1404 1352 1447 meditarer:
1379 1403 1610 1465 legere[m]
1638 1413 1789 1450 tamen

850 1484 859 1503 ¹
890 1482 965 1524 vel
988 1481 1227 1524 infirmitas
1256 1483 1526 1537 postularet.
1563 1483 1791 1526 Laudauit

140 1569 292 1605 autem
315 1561 504 1604 mirifice
525 1560 650 1603 illum
673 1560 890 1603 libellum:
911 1558 1085 1602 addidit
1109 1560 1330 1613 futurum,
1352 1559 1426 1601 vbi
1449 1559 1585 1603 etiam
1603 1560 1790 1604 fortuito

140 1484 227 1527 alia
249 1483 463 1540 capitula,
491 1490 538 1525 vt
568 1482 816 1526 necessitas

139 1639 303 1682 librum
321 1638 558 1695 aperirem,
585 1644 871 1694 reperturum
889 1651 976 1689 me,
999 1637 1124 1692 quod
1141 1643 1262 1680 esset
1279 1637 1506 1693 praesenti
1529 1637 1790 1681 necessitati

141 1716 445 1769 conueniens3
472 1715 518 1758 id
540 1730 590 1758 se
612 1730 713 1758 esse
735 1714 781 1756 in
803 1729 852 1757 se
873 1720 1128 1770 expertum.

235 1794 304 1848 58.
371 1794 564 1836 Duobus
587 1792 748 1835 diebus
771 1798 817 1834 et
839 1792 896 1834 ad
918 1805 1120 1834 mensam
1145 1793 1198 1834 P.
1225 1791 1390 1847 Ignatii
1420 1791 1485 1834 fui
1507 1799 1719 1845 vocatus,
1746 1800 1790 1836 et

142 1870 191 1913 in
213 1870 454 1914 refectorio
476 1885 581 1913 cum
606 1873 742 1913 Patre
764 1869 875 1912 sedi.

236 1959 306 2002 5o.
374 1947 654 1991 Confirmaui
677 1954 798 1999 vota,
826 1962 942 2002 quae
970 1948 1195 1989 hactenus
1223 1960 1455 1989 voueram.

238 2027 310 2068 60.
376 2023 491 2084 [Die]
521 2038 571 2082 19
593 2024 875 2078 Decembris,
896 2023 1003 2067 voui
1020 2024 1132 2066 illud
1149 2030 1398 2079 praeterea:
1420 2023 1457 2067 si
1475 2025 1600 2067 nulla
1617 2025 1792 2068 ratione

146 2105 203 2148 ad
220 2104 395 2146 nullum
413 2103 728 2154 ministerium,
749 2102 884 2146 etiam
903 2102 1155 2153 minimum,
1174 2116 1247 2144 me
1262 2102 1400 2145 vellet
1417 2102 1619 2159 recipere
1633 2102 1792 2147 Socie—

146 2190 231 2235 tas,
258 2197 350 2225 non
374 2182 598 2223 facturum
622 2196 694 2224 me
716 2188 822 2224 vota
846 2180 946 2234 tria,
971 2180 1056 2223 nisi
1078 2180 1155 2222 vbi
1179 2181 1439 2223 consuleret
1461 2180 1682 2225 Societas.

236 2261 308 2303 61.
376 2260 425 2302 In
447 2259 520 2302 die
543 2260 591 2303 S.
618 2258 853 2315 Stephani,
879 2258 993 2301 dixit
1014 2258 1124 2300 mihi
1147 2258 1368 2310 minister,
1405 2261 1456 2301 P.
1491 2258 1792 2316 Christopho-

146 2352 224 2381 rus
247 2338 486 2392 Mendoca,
521 2344 568 2379 vt
596 2352 622 2379 a
651 2336 802 2379 culina
830 2336 1033 2379 venirem
1066 2337 1123 2379 ad
1152 2335 1494 2379 inseruiendum
1533 2336 1788 2380 refectorio.

149 2414 233 2458 Fui
255 2414 302 2457 in
324 2414 521 2457 seruitiis
545 2413 723 2457 culinae
747 2415 803 2456 26
824 2414 937 2457 dies.

238 2493 309 2535 62.
376 2491 628 2535 Continens
650 2491 916 2544 consolatio,
948 2490 1125 2535 etiamsi
1154 2491 1333 2534 infirma
1361 2506 1483 2535 eram
1513 2492 1790 2535 valetudine.

148 2569 445 2612 Confirmatio
467 2568 513 2610 in
535 2568 631 2611 dies
659 2568 800 2611 maior
827 2568 1094 2611 vocationis.
1129 2568 1381 2624 Praecipua
1409 2583 1519 2612 vero
1546 2568 1796 2612 consolatio

148 2645 195 2689 in
221 2645 355 2688 votis.
924 2698 932 2702 -

238 2723 310 2777 63.
376 2722 597 2765 Iudicium
621 2722 668 2764 in
686 2723 935 2766 Postellum
954 2723 986 2775 ²,
1008 2738 1034 2765 a
1051 2737 1141 2778 quo
1159 2722 1224 2764 fui
1242 2722 1461 2766 liberatus
1478 2738 1505 2766 a
1523 2725 1576 2766 P.
1598 2721 1793 2779 Ignatio,

148 2814 290 2854 quum
313 2799 412 2843 eius
435 2806 537 2842 acta
559 2799 669 2842 mihi
691 2807 934 2843 narrasset.

223 2926 232 2947 ¹
285 2925 373 2968 Ms.,
392 2925 704 2960 necessitatibus.

220 2986 234 3006 ²
286 2985 346 3019 De
361 2984 564 3020 Guilielmi
584 2984 746 3020 Postelli
760 2983 908 3030 judicio
924 2990 963 3020 et
976 2984 1221 3029 dimissione,
1238 2984 1328 3020 vide
1344 2985 1562 3029 POLANCO‚
1581 2983 1748 3026 Clzron„
1764 2983 1794 3025 Ι,

99 3079 101 3083 Α
149 3043 210 3088 87;
230 3042 298 3078 ubi
316 3043 477 3079 adverte
503 3056 580 3079 non
606 3043 764 3079 omnino
789 3044 1045 3088 concordare,
1072 3056 1172 3091 quae
1197 3044 1237 3079 in
1262 3044 1516 3079 annotatione
1541 3044 1795 3085 affirmantur,
