2038 3313
720 227 723 230 ⁴
741 223 774 255 2-
788 220 1053 254 SEPTEMBR‘IS
1082 222 1189 262 1550*
1733 215 1789 261 93.

139 327 245 370 casa
266 325 311 367 di
335 313 616 380 probatione,
642 322 679 366 si
701 324 760 364 ha
783 320 1016 377 giudicato
1040 334 1119 375 per
1140 320 1258 361 bene
1280 332 1372 360 non
1396 317 1558 373 pigliar
1576 318 1701 360 molti
1720 319 1790 360 in—

141 403 297 455 sieme,
324 403 576 444 sarebbeno
599 399 675 455 gia
697 399 743 440 in
766 413 871 440 casa
893 412 954 439 vn
977 411 1091 453 gran
1115 410 1321 438 numero.

231 481 272 522 6.
340 480 426 522 Nel
448 476 658 533 collegio,
685 490 764 531 per
787 474 934 530 gratia
951 474 1025 516 del
1044 473 1255 528 Signore,
1276 471 1313 514 si
1331 471 1571 514 sforciamo
1588 486 1613 513 a
1630 486 1788 515 seruar

140 559 182 600 la
204 556 468 609 obidientia,
494 570 580 598 con
602 555 740 596 molta
761 551 1014 608 diligentia,
1041 565 1149 593 ceca
1167 557 1212 592 et
1230 563 1316 591 con
1334 549 1444 591 total
1461 548 1783 604 abnegatione,

139 643 185 678 et
223 634 422 678 caminar
459 634 563 676 nelo
600 646 713 688 puro
751 629 910 686 spiritu
948 629 1066 671 della
1104 626 1403 682 Compagnia.
1447 626 1704 669 Habbiamo
1741 627 1786 669 di

138 727 293 756 nuouo
316 727 395 768 per
417 710 597 767 miglior
620 708 798 765 agiutto
820 706 1060 762 designata
1082 720 1171 747 vna
1200 718 1380 747 camera
1411 711 1635 760 separata,
1666 705 1786 748 doue

139 805 283 833 sonno
305 789 541 844 discipline
558 794 603 830 et
621 785 771 838 cilicii,
792 785 957 840 perche
975 785 1083 839 ogn’
1105 797 1213 835 uno,
1234 796 1321 824 con
1338 781 1521 824 licentia
1538 785 1690 824 tamen
1712 784 1784 826 del

137 867 390 924 superiore,
431 865 625 908 essendo
654 862 886 920 giudicato
914 860 1039 912 vtile,
1072 874 1206 915 possa
1234 874 1294 900 vn
1322 874 1437 914 p.)co
1465 859 1711 902 mortificar
1742 861 1784 903 la

138 959 273 987 carne
295 933 646 987 secretamente:
673 948 718 984 et
740 942 886 983 anche
917 937 1158 981 habbiamo
1188 936 1288 979 fatti
1318 936 1392 978 doi
1427 951 1453 978 o
1487 944 1554 979 tre
1586 937 1705 980 sacci
1738 938 1783 980 di

137 1036 296 1078 grossa
319 1021 425 1073 tela,
458 1027 504 1062 et
533 1018 641 1075 ogni
671 1018 833 1074 giorno
861 1031 974 1069 vno,
1006 1014 1172 1057 vestito
1199 1015 1256 1057 de
1284 1015 1389 1069 quel
1418 1014 1711 1067 sacco,'laua
1742 1016 1784 1058 le

136 1099 342 1150 scutelle,
368 1097 595 1140 seruendo
617 1097 659 1138 al
682 1094 928 1146 communi,
953 1108 1042 1135 vna
1064 1094 1175 1134 hora
1197 1091 1319 1147 dipoi
1343 1091 1406 1147 gli
1429 1091 1566 1147 pasti;
1593 1100 1638 1135 et
1668 1094 1782 1135 hab—

135 1176 285 1219 biamo
308 1174 548 1230 designato
571 1175 638 1215 far
660 1187 749 1214 vna
772 1171 1012 1214 collatione
1042 1169 1275 1225 spirituale
1305 1168 1416 1224 ogni
1444 1170 1631 1212 venerdi
1659 1170 1781 1226 dipoi

136 1255 253 1298 della
281 1252 493 1296 collation
522 1251 772 1307 corporale,
804 1246 1138 1305 proponendosi
1169 1262 1259 1289 vna
1287 1246 1474 1289 materia
1501 1247 1545 1288 di
1575 1247 1781 1302 spiritual

136 1333 293 1385 frutto,
319 1338 364 1374 et
387 1329 492 1372 tutti
515 1344 571 1371 ex
593 1333 801 1383 tempore,
824 1326 869 1368 di
892 1327 997 1382 quel
1019 1327 1104 1368 che
1125 1324 1305 1367 sentino
1329 1326 1378 1366 in
1401 1326 1582 1379 spiritu,
1607 1327 1693 1368 che
1709 1325 1780 1368 di—

133 1424 247 1453 cano
270 1409 375 1464 quel
396 1409 481 1450 che
503 1406 567 1463 gli
591 1408 749 1462 parera
771 1405 846 1447 nel
869 1403 1086 1459 Signore:
1114 1417 1330 1457 pensamo
1352 1401 1398 1443 di
1426 1409 1588 1445 metter
1617 1410 1779 1458 questo

132 1487 178 1529 in
201 1486 392 1543 pratica:
419 1484 483 1541 gli
506 1483 607 1528 altri
629 1482 704 1526 doi
726 1481 884 1538 puncti
907 1495 990 1523 son
1014 1480 1091 1536 gia
1113 1481 1163 1521 in
1186 1494 1284 1521 vsu.

222 1576 262 1618 7.
331 1563 379 1608 Si
403 1563 524 1614 viue,
550 1576 630 1617 per
653 1559 800 1617 gratia
823 1559 897 1602 del
920 1558 1105 1614 Signor,
1131 1557 1178 1598 in
1202 1564 1321 1598 tutta
1338 1556 1505 1599 vnione
1522 1564 1567 1600 et
1584 1558 1773 1612 charita,

131 1657 217 1685 con
259 1640 516 1684 edification
558 1638 620 1681 dil
661 1636 883 1694 prossimo
905 1671 914 1689 ,
959 1634 1333 1691 principalmente
1376 1634 1776 1691 marauigliandosi

131 1719 257 1762 molti
279 1717 479 1774 religiosi
501 1731 630 1759 come
651 1730 740 1757 vna
763 1728 867 1756 casa
889 1712 933 1754 di
958 1711 1087 1763 tanti,
1114 1719 1158 1754 et
1177 1710 1282 1753 tutti
1299 1710 1477 1763 nouitii,
1498 1711 1535 1754 si
1553 1727 1775 1756 conserua

130 1797 176 1839 in
200 1804 325 1839 tanta
346 1809 458 1851 pace
480 1801 525 1836 et
542 1794 791 1848 alegrezza.
815 1790 892 1835 Sia
908 1790 1152 1833 benedetto
1170 1788 1200 1830 il
1219 1788 1386 1844 Signor
1403 1795 1573 1840 nostro,
1595 1789 1624 1831 il
1643 1792 1783 1845 quale

130 1875 170 1917 ci
193 1874 268 1917 dia
288 1874 331 1916 la
353 1887 464 1928 pace
487 1879 532 1914 et
551 1871 787 1926 alegrezza
809 1868 1010 1924 perfecta
1032 1882 1057 1909 a
1081 1866 1202 1908 tutti.

219 1953 260 1994 8.
328 1952 392 1994 La
415 1965 520 1992 casa
541 1949 599 1991 de
620 1946 905 2003 probatione,
926 1945 1045 1987 nella
1063 1944 1197 1998 quale
1214 1958 1306 1985 non
1323 1943 1564 1986 habbiamo
1582 1945 1645 1986 fin
1663 1947 1773 1988 hora

127 2031 283 2072 voluto
305 2042 515 2072 resceuer
533 2041 581 2069 se
598 2040 690 2067 non
714 2036 762 2067 12
782 2022 950 2074 ioueni,
976 2029 1105 2077 parte
1128 2020 1462 2077 gentilhomini,
1482 2023 1658 2075 partim
1677 2023 1774 2078 ple—

126 2107 214 2160 bei,
240 2122 327 2149 con
348 2107 391 2148 la
413 2104 561 2161 gratia
583 2103 657 2145 del
680 2101 890 2157 Signore,
918 2102 942 2142 6
971 2099 1017 2140 di
1045 2099 1185 2141 molto
1216 2098 1356 2140 frutto
1389 2105 1434 2140 et
1466 2098 1775 2153 edificatione,

124 2193 170 2228 et
193 2200 219 2227 a
239 2183 315 2226 noi
338 2190 382 2226 et
405 2198 430 2225 a
453 2181 558 2223 tutti
581 2195 673 2222 non
695 2178 732 2222 si
755 2192 924 2234 pareno
947 2191 996 2220 se
1019 2191 1110 2218 non
1135 2174 1249 2218 tanti
1272 2175 1440 2231 angeli.
1462 2176 1550 2218 Fra
1567 2175 1631 2231 gli
1654 2191 1772 2233 gen—

124 2260 345 2304 tilhornini
369 2274 480 2302 sono
502 2258 577 2300 doi
599 2272 625 2300 o
648 2264 716 2299 tre
738 2254 844 2298 delli
866 2254 993 2310 primi
1019 2254 1137 2296 della
1161 2261 1295 2303 terra,
1322 2260 1367 2295 et
1389 2267 1480 2295 vno
1502 2254 1511 2273 ¹
1531 2254 1556 2295 e
1574 2253 1777 2297 cuchino.

124 2340 304 2382 carnale
326 2338 399 2380 del
420 2343 554 2379 conte
575 2334 621 2377 di
644 2336 774 2377 Luna
797 2334 830 2384 ²,
856 2332 1013 2388 signor
1036 2330 1256 2387 principal
1278 2330 1351 2372 del
1374 2344 1518 2385 regno
1535 2338 1581 2372 et
1598 2345 1769 2386 gouer—

124 2425 254 2459 nator
271 2415 316 2458 di
334 2425 494 2470 questa
512 2420 645 2455 terra.
665 2412 822 2455 Sonno
838 2409 884 2451 di
902 2424 1017 2465 gran
1034 2408 1237 2461 habilita,
1252 2415 1297 2450 et
1315 2406 1378 2449 sei
1397 2408 1536 2449 molto
1554 2408 1641 2450 ben
1660 2423 1768 2463 pro-

124 2494 235 2537 uetti
258 2493 301 2535 in
325 2489 576 2543 humanita,
601 2488 615 2530 i
638 2488 758 2544 quali
781 2487 819 2530 si
842 2486 1118 2530 essercitano
1147 2484 1255 2541 ogni
1287 2485 1331 2526 di
1364 2483 1410 2526 in
1443 2499 1688 2540 componer
1720 2486 1765 2528 in

121 2571 232 2614 latin
254 2578 299 2613 et
322 2582 460 2625 greco
482 2575 527 2610 et
554 2566 601 2608 in
632 2565 763 2608 versi.
798 2565 1000 2608 Sarebbe
1026 2564 1166 2618 longo
1194 2576 1352 2604 narrar
1380 2562 1409 2602 l'
1445 2562 1602 2604 ordine
1635 2577 1764 2605 como

120 2663 263 2692 sonno
287 2644 527 2703 gouernati
549 2644 623 2686 nel
645 2642 806 2698 spiritu
828 2648 874 2685 et
895 2641 1066 2683 littere:
1092 2640 1130 2682 si
1152 2639 1249 2682 dira
1270 2653 1357 2681 con
1374 2639 1416 2680 la
1434 2639 1581 2694 gratia
1598 2640 1670 2681 del
1689 2640 1763 2683 Si—

118 2739 262 2783 gnore
284 2739 364 2780 per
386 2724 514 2772 altra,
541 2727 586 2762 et
608 2719 737 2775 quasi
760 2718 792 2761 il
815 2725 934 2761 tutto
962 2717 999 2760 si
1027 2717 1194 2760 vedera
1225 2717 1343 2758 nelle
1376 2715 1688 2759 constitutioni
1717 2717 1762 2759 di

117 2803 268 2859 quella
290 2816 395 2844 casa
416 2801 501 2842 che
523 2797 560 2840 si
583 2797 891 2839 mandaranno
913 2802 1081 2851 presto.
1110 2795 1217 2838 Solo
1240 2793 1285 2835 in
1308 2794 1521 2849 generale
1548 2793 1649 2836 dico
1677 2796 1763 2837 che

192 2990 201 3008 ¹
255 2985 449 3020 Asdrubal
468 2983 516 3017 de
536 2983 658 3016 Luna.
679 2980 779 3015 Vide
799 2992 929 3026 supra,
949 2980 1064 3026 epist.
1087 2987 1144 3023 25.

190 3049 204 3068 2
255 3046 395 3079 Petrus
413 3042 461 3077 de
481 3043 603 3077 Luna.
