2038 3313
748 229 768 264 5
795 220 1043 255 NOVEMssms
1073 229 1086 254 1
1095 222 1163 265 546
1749 234 1784 271 *7

941 465 977 504 4

563 587 615 628 P.
674 587 1090 630 HIERONYMUS
1143 588 1364 630 NADAL

455 698 765 736 DOCTORI
816 698 1103 736 THOMAE
1154 698 1386 737 GOMEZ
1444 704 1467 735 ¹.

589 803 775 854 Romae,
804 812 826 856 5
852 801 1124 845 Novembris
1155 803 1266 856 1546
1290 803 1322 845 ².

556 915 662 949 Eum
695 915 925 950 consolatur
955 916 1002 950 de
1033 917 1161 950 morte
1184 914 1358 962 fratris,

895 1016 1017 1096 Risus.

223 1167 287 1209 La
310 1181 486 1209 summa
511 1166 666 1223 gracia
694 1181 723 1221 y
751 1181 876 1209 amor
906 1175 1064 1209 eterno
1093 1167 1150 1210 de
1178 1167 1291 1210 Dios
1312 1174 1500 1210 nuestro
1529 1169 1676 1213 Sefior
1705 1183 1783 1212 500

132 1242 326 1299 siempre
349 1258 434 1286 con
458 1245 516 1286 V.
542 1259 602 1287 m.
625 1259 653 1299 y
676 1258 763 1286 con
788 1244 934 1286 todos.
962 1245 1129 1287 Amen.

222 1321 366 1364 Como
388 1336 471 1364 son
494 1335 632 1377 pocos
655 1322 867 1364 hombres
891 1336 980 1376 que
1002 1336 1062 1364 no
1085 1329 1256 1378 tengan
1285 1323 1456 1378 alguna
1483 1323 1734 1379 cogitation
1757 1328 1784 1366 ὀ

130 1397 428 1454 imaginatic'm
449 1399 506 1441 de
527 1399 570 1441 10
591 1405 784 1450 muerte,
811 1402 875 1441 asi
899 1413 982 1441 son
1000 1413 1137 1455 pocas
1154 1414 1283 1442 cosas
1302 1414 1391 1454 que
1409 1407 1486 1442 tan
1509 1401 1785 1444 claramente

131 1476 386 1518 descubren
407 1477 475 1519 105
498 1491 745 1532 0οΥ000005
767 1492 796 1532 y
819 1476 1056 1519 interiores
1080 1478 1282 1520 affectos.
1311 1479 1430 1530 Vno,
1457 1477 1623 1521 viendo
1645 1479 1786 1522 morir

130 1559 245 1604 otro,
271 1568 321 1596 50
343 1553 605 1597 entristesse
626 1569 656 1609 y
678 1555 909 1610 perturba,
931 1562 1030 1597 otro
1048 1569 1135 1598 con
1152 1555 1195 1597 10
1210 1554 1360 1610 ‘gratia
1382 1556 1438 1598 de
1461 1555 1612 1599 Cristo
1630 1557 1785 1600 exulta

130 1644 160 1685 y
182 1645 341 1674 serena
363 1646 417 1674 su
440 1635 653 1686 0οῑ0000,
680 1639 725 1674 et
748 1632 944 1675 refresea
960 1633 989 1674 l’
1015 1633 1179 1676 affecto
1201 1633 1258 1675 de
1279 1633 1322 1675 10
1339 1648 1558 1689 speranza
1575 1648 1632 1676 en
1649 1633 1776 1686 Dios,

132 1715 177 1750 et
205 1708 321 1752 dize:
354 1710 573 1751 Laetatus
598 1724 701 1752 sum
731 1711 782 1752 in
811 1710 897 1762 lzis,
928 1724 1041 1765 qaae
1071 1711 1191 1752 dicta
1221 1714 1329 1752 sunt
1360 1711 1492 1753 milti:
1518 1712 1569 1753 in
1596 1711 1780 1754 domum

132 1787 325 1828 Domini
347 1787 514 1828 ibimus
537 1788 568 1829 ⁵.
596 1788 662 1830 La
684 1801 822 1830 causa
843 1787 943 1830 dize
965 1788 1005 1830 01
1029 1788 1365 1831 Ecclesiastico:
1404 1789 1444 1832 O
1472 1803 1611 1841 mors,
1641 1804 1777 1844 quam

131 1878 296 1905 amara
319 1864 352 1916 ⁴,
379 1870 486 1917 etc.;
513 1880 541 1919 y
563 1879 645 1920 por
667 1864 709 1907 01
725 1864 967 1907 contrario:
994 1865 1034 1907 O
1051 1880 1188 1917 mors,
1208 1866 1371 1907 bonum
1390 1867 1611 1908 iudicium
1636 1870 1777 1919 tuum,

130 1940 482 1984 entendiendolo
505 1941 547 1984 al
569 1940 745 1997 spiritu3
766 1956 796 1997 y
814 1942 927 1984 eada
943 1957 1033 1984 vno
1050 1943 1092 1984 10
1110 1943 1258 1998 puede
1274 1942 1415 1985 sentit
1433 1958 1489 1986 en
1507 1947 1543 1986 si
1561 1944 1604 1986 10
1620 1958 1774 1996 causa,

130 2019 437 2061 testimonium
467 2019 679 2061 reddente
708 2019 857 2061 cuiuis
885 2020 1159 2062 conscientia
1187 2034 1273 2062 sua
1303 2022 1333 2063 ⁵.
1368 2022 1657 2064 Acuardame
1679 2028 1777 2064 esto

128 2096 404 2139 deffiniendo
426 2112 487 2138 vn
509 2097 699 2138 hombre
721 2097 849 2139 dotto
871 2111 900 2152 y
922 2097 978 2139 de
1001 2097 1179 2152 spiritu,
1211 2099 1328 2153 quod
1356 2100 1449 2140 vita
1477 2100 1658 2141 instans
1680 2100 1774 2152 (irt—

130 2175 246 2230 qm't)
269 2175 493 2216 transitus
515 2175 575 2215 ad
597 2175 924 2225 aeternitatem
947 2178 1057 2229 gque't
1080 2189 1129 2218 50
1157 2176 1305 2231 puede
1332 2191 1412 2219 ver
1440 2191 1498 2219 en
1530 2177 1572 2219 10
1601 2184 1778 2220 muerte

129 2252 229 2295 sino
257 2251 512 2295 eternidad?
543 2266 573 2306 y
600 2254 664 2294 asi
695 2266 784 2306 que
811 2266 889 2295 500
916 2252 959 2294 10
989 2267 1078 2307 que
1100 2253 1296 2295 obscuro
1324 2253 1424 2296 dize
1461 2254 1692 2306 Salomc'm,
1733 2258 1778 2296 vt

131 2333 378 2385 rumpatur
387 2329 635 2386 funiculus
652 2333 915 2385 argenteus,
932 2333 973 2371 et
988 2334 1202 2372 recurrat
1223 2331 1334 2372 vitta
1351 2345 1496 2373 aurea
1513 2334 1553 2373 et
1570 2335 1776 2374 contera-

132 2412 209 2450 tur
227 2407 391 2463 hydria
413 2412 550 2462 super
563 2408 745 2464 fontem
770 2409 802 2459 6;
828 2423 858 2463 y
881 2408 928 2451 S.
957 2408 1116 2459 Paulo,
1143 2408 1280 2460 Claro,
1311 2412 1357 2450 vt
1385 2410 1575 2451 mortale
1597 2408 1677 2451 lzoc
1697 2410 1777 2451 ab—

206 2566 214 2585 ¹
268 2565 413 2598 Doctor
437 2563 607 2597 Thomas
632 2562 797 2608 Gomez,
823 2575 946 2609 nepos
978 2569 1062 2599 erat
1086 2564 1268 2599 Doctoris
1299 2565 1443 2610 Ignatii
1467 2566 1598 2612 Lopez
1616 2565 1774 2611 medici,

124 2623 242 2658 amici
261 2630 301 2658 et
318 2622 583 2658 benefactoris
603 2622 827 2658 Societatis.
849 2624 910 2659 Cf.
931 2624 1151 2670 POLANCO,
1171 2625 1338 2667 Chron.‚
1360 2626 1432 2671 ΙΙΙ,
1454 2634 1534 2671 192.

199 2686 213 2705 2'
264 2685 322 2718 Ex
340 2685 569 2729 archetypo,
589 2682 628 2717 in
648 2683 778 2729 Epist.
800 2682 954 2724 Natat„
976 2684 1031 2724 II,
1061 2683 1208 2730 duplici
1235 2684 1319 2730 fol.,
1347 2697 1386 2719 n.
1414 2693 1475 2730 45,
1503 2685 1610 2728 (olim
1642 2693 1708 2730 177
1735 2690 1776 2719 et

132 2743 227 2788 178).
259 2743 408 2779 Ultima
437 2744 559 2777 verba
587 2744 670 2777 «De
696 2743 842 2777 Roma»
874 2748 951 2778 etc.
980 2755 1069 2778 cum
1100 2744 1389 2791 subscriptione
1417 2751 1509 2780 sunt
1534 2745 1775 2791 autographa

127 2802 207 2839 Pjs
224 2803 362 2840 Nadal:
382 2808 538 2838 caetera
555 2804 604 2837 ab
622 2802 757 2848 ignoto
775 2803 931 2838 librario
950 2808 1123 2838 exarata.

201 2865 215 2884 ⁵
266 2864 334 2898 ΡΞ.
355 2862 501 2909 CXXI,
524 2871 556 2897 Ι.

203 2925 218 2944 ⁴
268 2924 426 2968 ECCL1.,
445 2922 549 2968 XLI,
573 2930 605 2956 1.

203 2984 218 3004 ⁵
274 2982 563 3017 Testimonium
583 2982 771 3016 reddente
790 2983 875 3016 ill-is
898 2983 1140 3018 conscientia
1159 2984 1356 3030 ipsorum.
1377 2984 1502 3028 ROM.,
1522 2983 1574 3028 ΙΙ,
1598 2991 1654 3027 15.

203 3043 218 3064 ⁶
268 3042 494 3086 Antequam
514 3043 736 3087 rumpatur
745 3041 1011 3087 funiculus...
1031 3048 1107 3077 etc.
1127 3043 1231 3078 ECCJ
1244 3052 1277 3077 Ε.
1291 3070 1300 3088 ,
1319 3043 1410 3087 XII,
1427 3042 1463 3077 6.
