2038 3313
769 224 975 262 OCTOBRE
997 232 1088 270 1549
1710 233 1731 269 7
1736 233 1766 270 5.

203 331 260 372 In
281 327 457 385 'quarta
477 329 674 384 pagina,
704 341 848 369 manu
877 327 1041 368 Patris
1073 326 1288 378 Polamo,
1319 329 1368 367 ut
1405 326 1598 378 videtur,
1638 328 1761 368 scri—

108 410 241 464 ptum
266 410 344 448 est:
367 406 529 449 Nadal.

200 485 309 526 Alia
332 498 491 525 manu:
515 495 570 539 29
594 481 808 526 Octobris
838 492 964 538 1549.
990 481 1151 524 Ν3(131.
1179 481 1378 536 Laynez.
1405 479 1621 524 Messina.

875 730 959 770 ,⁶30

505 814 510 832 1

528 832 529 836 ’
557 853 610 894 Ρ.
647 852 1062 895 HIERONYMUS
1096 851 1316 894 NADAL

454 963 699 1002 SANCTO
743 963 1005 1001 IGNATIO
1049 965 1124 999 DE
1168 962 1417 1000 LOYOLA

591 1068 845 1118 Messanae,
873 1067 1077 1110 Octobre
1106 1077 1218 1123 1549
1244 1067 1274 1108 ¹.

684 1178 885 1225 Epistolae
905 1178 1184 1224 fragmentum.

263 1300 323 1334 De
344 1299 607 1334 universitate
626 1301 663 1333 et
681 1299 727 1333 de
746 1301 977 1332 nostrorum
999 1298 1202 1332 laboribus
1220 1298 1263 1332 in
1282 1299 1401 1332 vinea
1419 1297 1604 1332 Domini.

204 1421 273 1462 En
297 1426 395 1462 este
416 1418 566 1461 medio
589 1432 679 1473 que
701 1433 750 1461 se
772 1417 1034 1460 conciertan
1057 1419 1122 1460 135
1145 1432 1276 1460 00535
1298 1419 1354 1461 (16
1376 1419 1419 1460 13
1449 1417 1760 1470 vniuersidad,

112 1498 181 1540 sin
206 1498 273 1540 las
301 1496 625 1552 occupationes
653 1495 830 1548 solitas,
863 1510 912 1538 se
940 1495 1141 1539 attiende
1171 1500 1197 1538 a
1226 1496 1458 1538 confessar
1488 1491 1595 1539 todo
1628 1497 1765 1551 aquel

113 1574 388 1618 monasterio
410 1575 467 1617 de
489 1573 741 1631 religiosas,
767 1574 841 1616 del
864 1574 970 1629 qual
993 1575 1049 1616 V.
1079 1575 1131 1616 P.
1158 1577 1184 1616 3
1208 1573 1431 1628 instancia
1453 1574 1510 1616 de
1532 1574 1575 1616 13
1596 1573 1764 1628 ciudad

111 1737 274 1772 faciunt.
297 1736 446 1771 «Sobre
466 1736 630 1777 Isidoro,
651 1736 705 1771 ait
724 1737 933 1781 Polancus,
953 1735 1115 1771 scriuira
1134 1747 1209 1770 vna
1235 1742 1341 1771 carta
1367 1736 1538 1770 Maestro
1564 1736 1694 1771 Miona
1717 1736 1767 1771 de

112 1802 221 1844 parte
240 1808 338 1842 suya
356 1809 381 1842 y
399 1796 448 1831 de
467 1802 627 1831 nuestro
647 1796 787 1842 Padre,
814 1796 942 1831 donde
971 1796 1142 1842 despue's
1170 1796 1219 1830 de
1244 1802 1413 1831 mostrar
1444 1797 1628 1842 holgarse
1648 1797 1696 1831 de
1723 1808 1768 1831 su

113 1857 288 1901 meioria,
308 1868 350 1891 se
370 1858 405 1891 16
424 1857 472 1891 (16
491 1868 608 1902 cargo
626 1868 701 1903 que
718 1855 870 1891 escriua
886 1858 922 1891 lo
940 1868 1015 1902 que
1031 1857 1066 1891 16
1082 1867 1244 1902 paresce
1259 1856 1307 1891 (16
1323 1856 1436 1891 todos
1452 1857 1510 1891 los
1525 1856 1573 1891 de
1589 1857 1678 1902 alla,
1693 1869 1773 1903 que

114 1918 282 1963 siempre
298 1919 383 1951 5613
398 1917 504 1962 bien,
519 1928 673 1963 avnque
689 1916 941 1962 M.10Laynez
956 1917 1004 1951 ha
1018 1916 1066 1950 de
1082 1916 1114 1950 ir
1128 1922 1261 1962 presto
1277 1928 1346 1962 por
1360 1917 1434 1951 3113
1450 1917 1565 1951 sobre
1581 1922 1687 1951 otros
1702 1928 1769 1951 ne-

113 1977 263 2022 gocios,
279 1989 304 2023 y
323 1978 469 2012 lleuara
487 1982 571 2011 este
590 1988 708 2021 cargo
726 1976 774 2011 de
790 1976 991 2011 visitador.
1009 1977 1063 2010 La
1081 1976 1191 2022 copia
1206 1976 1318 2010 desta
1333 1988 1375 2011 56
1391 1976 1554 2011 1111111313
1567 1978 1588 2010 a
1604 1977 1674 2010 M.⁰
1690 1977 1766 2010 Na—

115 2037 192 2083 dal,
211 2050 236 2083 y
256 2049 298 2071 se
313 2039 349 2072 16
367 2036 545 2071 16(1110113
562 2039 584 2071 a
602 2038 638 2071 13
657 2037 843 2071 memoria
862 2038 897 2071 10
923 2048 999 2083 que
1018 2038 1087 2071 303
1105 2037 1221 2071 hablo
1241 2036 1290 2070 N.
1311 2037 1355 2070 Ρ.
1375 2048 1448 2070 0011
1474 2037 1509 2070 61
1536 2036 1584 2070 (16
1609 2037 1768 2070 hazerle

116 2098 307 2143 ministro,
326 2109 352 2143 y
376 2108 453 2131 aun
471 2097 504 2131 si
526 2096 636 2131 fuere
662 2102 860 2131 menester
884 2097 1066 2131 hecharle
1092 2108 1143 2131 un
1162 2096 1374 2131 hechadizo
1398 2097 1490 2141 (sie,
1516 2108 1585 2142 pro
1611 2097 1769 2131 eclzarle

118 2170 171 2192 zm
190 2157 392 2201 eclzadizo)
410 2168 486 2203 que
504 2168 554 2191 no
573 2158 608 2191 le
628 2156 862 2191 obedeciese
879 2168 972 2203 muy
990 2156 1097 2202 bien,
1113 2168 1189 2203 que
1204 2156 1374 2202 despue's
1388 2156 1535 2191 hiziese
1551 2156 1768 2191 satisfacio-

114 2228 199 2262 nes,
219 2221 320 2251 etc.»
340 2216 495 2261 Quibus
515 2215 662 2261 verbis,
681 2216 888 2250 occasione
908 2222 1062 2262 sumpta
1081 2227 1130 2250 ex
1150 2215 1290 2250 Isidori
1315 2215 1548 2261 tentatione,
1569 2221 1609 2250 et
1627 2227 1676 2250 ex
1695 2215 1768 2250 dif-

113 2276 302 2321 ficultate,
321 2287 436 2323 quam
455 2276 498 2310 P.
520 2275 642 2310 Nadal
662 2276 702 2310 in
720 2276 786 2310 illo
803 2275 1061 2321 gubernando
1077 2276 1368 2321 experiebatur,
1384 2275 1439 2310 illi
1459 2276 1498 2310 in
1517 2280 1689 2310 mentem
1708 2287 1767 2310 re-

114 2342 243 2381 vocat,
261 2347 360 2382 quae
379 2336 526 2370 Romae
542 2335 616 2382 ipsi
633 2336 761 2370 facete
776 2335 970 2382 quondam
985 2335 1152 2377 dixerat,
1169 2336 1336 2381 scilicet,
1352 2335 1526 2370 futurum
1543 2342 1584 2370 ut
1600 2335 1767 2370 ministri

115 2407 256 2430 munus
275 2395 312 2430 61
329 2395 606 2440 committeret3
626 2402 746 2442 utque
765 2396 804 2430 in
823 2402 905 2430 arte
923 2395 1170 2441 gubernandi
1188 2395 1329 2430 melius
1344 2401 1598 2431 exerceretur
1609 2397 1643 2430 le
1659 2397 1768 2431 echa-

118 2456 182 2489 ria
199 2467 257 2489 un
274 2456 458 2490 eclzadizo
476 2455 502 2489 i.
519 2467 554 2490 6.
574 2455 743 2502 aliquem
758 2456 798 2490 in
817 2455 1024 2490 vocatione
1043 2456 1311 2501 vacillantem,
1332 2461 1371 2490 et
1390 2468 1411 2490 e
1431 2455 1631 2490 Societate
1647 2467 1771 2501 prope

115 2514 406 2556 dimittendum,
427 2515 502 2561 ipsi
520 2515 650 2549 Natali
668 2515 884 2560 regendum
904 2510 1090 2550 traderet.
1112 2516 1170 2550 Ex
1188 2516 1359 2562 Regesto
1378 2516 1474 2556 litt„
1496 2516 1526 2561 Ι,
1550 2515 1717 2559 157-158.

188 2575 248 2609 De
274 2575 359 2620 ipso
384 2575 533 2609 Isidoro
558 2580 597 2609 et
621 2574 670 2609 de
696 2575 896 2621 Stephano
922 2574 1054 2609 variae
1079 2580 1217 2609 extant
1242 2575 1281 2609 in
1306 2576 1475 2621 Regesto
1501 2576 1597 2616 litt„
1623 2576 1701 2609 vol.
1736 2575 1771 2619 Ι,

117 2634 306 2680 epistolae
326 2634 374 2668 ad
392 2635 436 2668 P.
458 2634 581 2668 Nadal
601 2635 729 2678 datae,
753 2635 794 2669 18
815 2635 988 2680 Augusti
1009 2634 1112 2679 15483
1135 2644 1154 2679 5
1175 2635 1364 2680 Januarii,
1385 2644 1430 2680 29
1450 2635 1573 2680 Junii,
1593 2644 1648 2680 10,
1668 2643 1710 2678 17
1729 2640 1770 2668 et

116 2703 162 2738 24
182 2694 354 2739 Augusti
375 2703 478 2738 15493
504 2694 646 2741 quibus
665 2696 727 2729 vel
754 2694 802 2728 de
828 2694 981 2729 illorum
1006 2694 1298 2740 emendatione,
1319 2696 1381 2729 vel
1407 2694 1455 2729 de
1481 2694 1621 2729 Isidori
1639 2693 1774 2728 dimis-

116 2754 226 2788 sione
246 2754 387 2799 agitur.
409 2753 509 2788 Vide
528 2759 659 2788 tamen
678 2754 792 2800 infra,
813 2754 928 2801 epist.
949 2753 994 2789 33
1009 2759 1048 2789 et
1066 2753 1126 2800 34,
1145 2754 1355 2799 gloriosam
1375 2760 1554 2796 mortem,
1571 2765 1685 2800 quam
1705 2753 1768 2788 hic

115 2813 155 2847 in
174 2813 371 2848 Societate
391 2814 570 2860 oppetiit,
590 2825 692 2848 anno
714 2823 816 2858 1551.

194 2876 201 2894 ¹
253 2875 312 2908 Ex
343 2875 581 2920 apographo,
613 2873 652 2908 in
683 2875 814 2919 Epist.
846 2875 1000 2915 Mixtis,
1037 2873 1240 2918 1539-1548
1271 2873 1383 2916 (31135
1412 2875 1490 2909 vol.
1525 2874 1590 2919 A),
1623 2873 1769 2919 duplici

117 2933 201 2977 fol„
225 2942 291 2979 190
309 2936 366 2978 (71
389 2940 428 2968 et
447 2938 522 2978 72).
544 2935 629 2968 Hoc
647 2933 837 2979 epistolae
855 2934 1121 2980 fragmentum
1140 2935 1262 2968 habes
1282 2934 1321 2968 in
1340 2934 1512 2969 secunda
1530 2933 1674 2980 pagina
1687 2932 1769 2966 folii

119 3002 178 3036 72.
200 2993 420 3039 Inscriptio,
445 2993 556 3028 initio
575 2993 714 3039 posita:
735 2995 796 3029 De
815 2998 925 3029 otras
943 2995 1008 3029 del
1026 3005 1174 3029 mesano
1191 2993 1370 3041 [Nadal]
1385 2996 1432 3029 de
1457 2994 1640 3029 Octttbre.
1662 2993 1770 3028 Usus

121 3059 181 3088 est
199 3054 270 3087 hac
289 3053 455 3099 epistola
475 3054 518 3088 P.
539 3054 758 3099 POLANCO,
781 3054 946 3096 Chron„
967 3055 998 3100 Ι,
1019 3053 1102 3100 369,
1118 3067 1155 3089 n.
1177 3053 1259 3099 345.
