<?xml version="1.0" encoding="UTF-8"?>
<!DOCTYPE html PUBLIC "-//W3C//DTD XHTML 1.0 Transitional//EN"
    "http://www.w3.org/TR/xhtml1/DTD/xhtml1-transitional.dtd">
<html xmlns="http://www.w3.org/1999/xhtml" xml:lang="en" lang="en">
 <head>
  <title>
</title>
<meta http-equiv="Content-Type" content="text/html;charset=utf-8" />
  <meta name='ocr-system' content='tesseract 3.04.00' />
  <meta name='ocr-capabilities' content='ocr_page ocr_carea ocr_par ocr_line ocrx_word'/>
</head>
<body>
  <div class='ocr_page' id='page_1' title='image "./epistolaephieron08nada_0100.png"; bbox 0 0 2038 3313; ppageno 0'>
   <div class='ocr_carea' id='block_1_1' title="bbox 204 168 1251 206">
    <p class='ocr_par' dir='ltr' id='par_1_1' title="bbox 204 168 1251 206">
     <span class='ocr_line' id='line_1_1' title="bbox 204 168 1251 206; baseline 0.007 -8"><span class='ocrx_word' id='word_1_1' title='bbox 204 173 250 199; x_wconf 85' lang='lat'><strong>22</strong></span> <span class='ocrx_word' id='word_1_2' title='bbox 800 168 968 204; x_wconf 78' lang='lat' dir='ltr'><strong>CHRoN.</strong></span> <span class='ocrx_word' id='word_1_3' title='bbox 988 170 1032 204; x_wconf 92' lang='lat' dir='ltr'><strong>P.</strong></span> <span class='ocrx_word' id='word_1_4' title='bbox 1061 169 1251 206; x_wconf 81' lang='lat' dir='ltr'><strong>NATALIS</strong></span> 
     </span>
    </p>
   </div>
   <div class='ocr_carea' id='block_1_2' title="bbox 201 267 1858 1563">
    <p class='ocr_par' dir='ltr' id='par_1_2' title="bbox 203 267 1854 389">
     <span class='ocr_line' id='line_1_2' title="bbox 294 267 1854 328; baseline 0.003 -19"><span class='ocrx_word' id='word_1_5' title='bbox 294 278 366 322; x_wconf 87' lang='lat'><strong>73.</strong></span> <span class='ocrx_word' id='word_1_6' title='bbox 433 267 628 311; x_wconf 89' lang='lat' dir='ltr'><strong>Visitaui</strong></span> <span class='ocrx_word' id='word_1_7' title='bbox 647 280 673 323; x_wconf 93' lang='lat'>7</span> <span class='ocrx_word' id='word_1_8' title='bbox 691 270 906 313; x_wconf 90' lang='lat' dir='ltr'><strong>ecclesias</strong></span> <span class='ocrx_word' id='word_1_9' title='bbox 924 285 1027 313; x_wconf 91' lang='lat' dir='ltr'><strong>cum</strong></span> <span class='ocrx_word' id='word_1_10' title='bbox 1045 272 1081 313; x_wconf 87' lang='lat' dir='ltr'><strong>F</strong></span> <span class='ocrx_word' id='word_1_11' title='bbox 1084 285 1245 314; x_wconf 89' lang='lat' dir='ltr'><strong>errone</strong></span> <span class='ocrx_word' id='word_1_12' title='bbox 1267 273 1296 325; x_wconf 91' lang='lat'><strong>¹,</strong></span> <span class='ocrx_word' id='word_1_13' title='bbox 1316 285 1401 314; x_wconf 92' lang='lat' dir='ltr'><strong>nec</strong></span> <span class='ocrx_word' id='word_1_14' title='bbox 1421 278 1515 314; x_wconf 90' lang='lat' dir='ltr'><strong>toto</strong></span> <span class='ocrx_word' id='word_1_15' title='bbox 1532 270 1693 315; x_wconf 90' lang='lat' dir='ltr'><strong>itinere</strong></span> <span class='ocrx_word' id='word_1_16' title='bbox 1703 272 1854 328; x_wconf 81' lang='lat' dir='ltr'><strong>potuit</strong></span> 
     </span>
     <span class='ocr_line' id='line_1_3' title="bbox 203 342 727 389; baseline 0.008 -4"><span class='ocrx_word' id='word_1_17' title='bbox 203 342 313 386; x_wconf 90' lang='lat' dir='ltr'><strong>mihi</strong></span> <span class='ocrx_word' id='word_1_18' title='bbox 335 343 499 388; x_wconf 79' lang='lat' dir='ltr'><strong>elicere</strong></span> <span class='ocrx_word' id='word_1_19' title='bbox 520 347 727 389; x_wconf 91' lang='lat' dir='ltr'><strong>verbum.</strong></span> 
     </span>
    </p>

    <p class='ocr_par' dir='ltr' id='par_1_3' title="bbox 201 424 1856 622">
     <span class='ocr_line' id='line_1_4' title="bbox 293 424 1839 482; baseline 0.004 -18"><span class='ocrx_word' id='word_1_20' title='bbox 293 433 364 476; x_wconf 87' lang='lat'><strong>74.</strong></span> <span class='ocrx_word' id='word_1_21' title='bbox 432 424 631 466; x_wconf 85' lang='lat' dir='ltr'>Rursum</span> <span class='ocrx_word' id='word_1_22' title='bbox 668 424 851 468; x_wconf 89' lang='lat' dir='ltr'><strong>visitaui</strong></span> <span class='ocrx_word' id='word_1_23' title='bbox 884 425 1129 482; x_wconf 82' lang='lat' dir='ltr'>Magistros</span> <span class='ocrx_word' id='word_1_24' title='bbox 1167 426 1181 446; x_wconf 79' lang='lat'>²</span> <span class='ocrx_word' id='word_1_25' title='bbox 1223 428 1274 469; x_wconf 90' lang='lat' dir='ltr'><strong>P.</strong></span> <span class='ocrx_word' id='word_1_26' title='bbox 1319 426 1502 481; x_wconf 88' lang='lat' dir='ltr'><strong>Laynez</strong></span> <span class='ocrx_word' id='word_1_27' title='bbox 1539 433 1585 468; x_wconf 93' lang='lat' dir='ltr'><strong>et</strong></span> <span class='ocrx_word' id='word_1_28' title='bbox 1622 427 1839 470; x_wconf 86' lang='lat' dir='ltr'><strong>Salmero-</strong></span> 
     </span>
     <span class='ocr_line' id='line_1_5' title="bbox 202 501 1856 558; baseline 0.003 -17"><span class='ocrx_word' id='word_1_29' title='bbox 202 513 305 542; x_wconf 90' lang='lat' dir='ltr'><strong>nem</strong></span> <span class='ocrx_word' id='word_1_30' title='bbox 330 501 362 552; x_wconf 80' lang='lat'><strong>³,</strong></span> <span class='ocrx_word' id='word_1_31' title='bbox 389 515 530 556; x_wconf 92' lang='lat' dir='ltr'><strong>quum</strong></span> <span class='ocrx_word' id='word_1_32' title='bbox 552 509 706 545; x_wconf 86' lang='lat' dir='ltr'><strong>essent</strong></span> <span class='ocrx_word' id='word_1_33' title='bbox 727 502 975 558; x_wconf 87' lang='lat' dir='ltr'><strong>profecturi</strong></span> <span class='ocrx_word' id='word_1_34' title='bbox 999 502 1284 556; x_wconf 89' lang='lat' dir='ltr'><strong>Tridentum,</strong></span> <span class='ocrx_word' id='word_1_35' title='bbox 1310 509 1355 545; x_wconf 91' lang='lat' dir='ltr'><strong>et</strong></span> <span class='ocrx_word' id='word_1_36' title='bbox 1377 502 1489 545; x_wconf 91' lang='lat' dir='ltr'><strong>mire</strong></span> <span class='ocrx_word' id='word_1_37' title='bbox 1505 517 1578 545; x_wconf 90' lang='lat' dir='ltr'><strong>me</strong></span> <span class='ocrx_word' id='word_1_38' title='bbox 1594 503 1856 546; x_wconf 86' lang='lat' dir='ltr'><strong>aedificauit</strong></span> 
     </span>
     <span class='ocr_line' id='line_1_6' title="bbox 201 574 900 622; baseline 0.007 -6"><span class='ocrx_word' id='word_1_39' title='bbox 201 574 382 619; x_wconf 89' lang='lat' dir='ltr'><strong>illorum</strong></span> <span class='ocrx_word' id='word_1_40' title='bbox 405 577 603 621; x_wconf 81' lang='lat' dir='ltr'><strong>charitas</strong></span> <span class='ocrx_word' id='word_1_41' title='bbox 625 593 678 622; x_wconf 91' lang='lat' dir='ltr'><strong>ac</strong></span> <span class='ocrx_word' id='word_1_42' title='bbox 700 578 900 622; x_wconf 90' lang='lat' dir='ltr'><strong>libertas.</strong></span> 
     </span>
    </p>

    <p class='ocr_par' dir='ltr' id='par_1_4' title="bbox 203 655 1852 788">
     <span class='ocr_line' id='line_1_7' title="bbox 295 655 1852 713; baseline 0.003 -16"><span class='ocrx_word' id='word_1_43' title='bbox 295 665 366 708; x_wconf 87' lang='lat'><strong>75.</strong></span> <span class='ocrx_word' id='word_1_44' title='bbox 433 655 640 698; x_wconf 91' lang='lat' dir='ltr'><strong>Offendit</strong></span> <span class='ocrx_word' id='word_1_45' title='bbox 662 671 735 700; x_wconf 92' lang='lat' dir='ltr'><strong>me</strong></span> <span class='ocrx_word' id='word_1_46' title='bbox 756 656 803 698; x_wconf 93' lang='lat' dir='ltr'><strong>in</strong></span> <span class='ocrx_word' id='word_1_47' title='bbox 825 656 991 708; x_wconf 87' lang='lat' dir='ltr'><strong>culina,</strong></span> <span class='ocrx_word' id='word_1_48' title='bbox 1019 658 1141 711; x_wconf 90' lang='lat' dir='ltr'><strong>quod</strong></span> <span class='ocrx_word' id='word_1_49' title='bbox 1169 671 1225 699; x_wconf 87' lang='lat' dir='ltr'><strong>ex</strong></span> <span class='ocrx_word' id='word_1_50' title='bbox 1254 664 1408 699; x_wconf 79' lang='lat' dir='ltr'><strong>nostra</strong></span> <span class='ocrx_word' id='word_1_51' title='bbox 1436 664 1704 713; x_wconf 90' lang='lat' dir='ltr'><strong>paupertate</strong></span> <span class='ocrx_word' id='word_1_52' title='bbox 1736 658 1852 701; x_wconf 88' lang='lat' dir='ltr'><strong>fere—</strong></span> 
     </span>
     <span class='ocr_line' id='line_1_8' title="bbox 203 732 1218 788; baseline 0.004 -16"><span class='ocrx_word' id='word_1_53' title='bbox 203 732 337 773; x_wconf 88' lang='lat' dir='ltr'>batur</span> <span class='ocrx_word' id='word_1_54' title='bbox 359 732 601 788; x_wconf 89' lang='lat' dir='ltr'><strong>prandium</strong></span> <span class='ocrx_word' id='word_1_55' title='bbox 624 741 670 777; x_wconf 93' lang='lat' dir='ltr'><strong>et</strong></span> <span class='ocrx_word' id='word_1_56' title='bbox 692 748 835 777; x_wconf 91' lang='lat' dir='ltr'><strong>coena</strong></span> <span class='ocrx_word' id='word_1_57' title='bbox 857 735 914 777; x_wconf 91' lang='lat' dir='ltr'><strong>ad</strong></span> <span class='ocrx_word' id='word_1_58' title='bbox 938 734 1218 776; x_wconf 86' lang='lat' dir='ltr'><strong>Rosseram</strong></span> 
     </span>
    </p>

    <p class='ocr_par' dir='ltr' id='par_1_5' title="bbox 203 779 1854 943">
     <span class='ocr_line' id='line_1_9' title="bbox 294 779 1854 867; baseline 0.003 -15"><span class='ocrx_word' id='word_1_59' title='bbox 294 810 365 862; x_wconf 87' lang='lat'><strong>76.</strong></span> <span class='ocrx_word' id='word_1_60' title='bbox 431 809 559 853; x_wconf 81' lang='lat' dir='ltr'>Dixit</span> <span class='ocrx_word' id='word_1_61' title='bbox 581 810 690 853; x_wconf 89' lang='lat' dir='ltr'><strong>mihi</strong></span> <span class='ocrx_word' id='word_1_62' title='bbox 714 813 766 853; x_wconf 92' lang='lat' dir='ltr'><strong>P.</strong></span> <span class='ocrx_word' id='word_1_63' title='bbox 794 810 1001 867; x_wconf 91' lang='lat' dir='ltr'><strong>Ignatius</strong></span> <span class='ocrx_word' id='word_1_64' title='bbox 1022 825 1081 854; x_wconf 91' lang='lat' dir='ltr'><strong>ne</strong></span> <span class='ocrx_word' id='word_1_65' title='bbox 1102 810 1346 854; x_wconf 90' lang='lat' dir='ltr'><strong>inuiserem</strong></span> <span class='ocrx_word' id='word_1_66' title='bbox 1369 811 1623 855; x_wconf 83' lang='lat' dir='ltr'><strong>auditorem</strong></span> <span class='ocrx_word' id='word_1_67' title='bbox 1641 827 1667 855; x_wconf 93' lang='lat' dir='ltr'><strong>a</strong></span> <span class='ocrx_word' id='word_1_68' title='bbox 1685 779 1854 865; x_wconf 67' lang='lat' dir='ltr'><strong>Puteo,</strong></span> 
     </span>
     <span class='ocr_line' id='line_1_10' title="bbox 203 887 1507 943; baseline 0.003 -15"><span class='ocrx_word' id='word_1_69' title='bbox 203 894 447 942; x_wconf 81' lang='lat' dir='ltr'><strong>antequam</strong></span> <span class='ocrx_word' id='word_1_70' title='bbox 470 887 713 931; x_wconf 90' lang='lat' dir='ltr'><strong>seruissem</strong></span> <span class='ocrx_word' id='word_1_71' title='bbox 736 888 908 943; x_wconf 82' lang='lat' dir='ltr'><strong>aliquot</strong></span> <span class='ocrx_word' id='word_1_72' title='bbox 930 887 1059 931; x_wconf 92' lang='lat' dir='ltr'><strong>dies</strong></span> <span class='ocrx_word' id='word_1_73' title='bbox 1049 903 1095 930; x_wconf 92' lang='lat' dir='ltr'><strong>1n</strong></span> <span class='ocrx_word' id='word_1_74' title='bbox 1119 887 1270 931; x_wconf 90' lang='lat' dir='ltr'><strong>culina</strong></span> <span class='ocrx_word' id='word_1_75' title='bbox 1292 896 1338 931; x_wconf 90' lang='lat' dir='ltr'><strong>et</strong></span> <span class='ocrx_word' id='word_1_76' title='bbox 1360 890 1507 932; x_wconf 91' lang='lat' dir='ltr'><strong>horto.</strong></span> 
     </span>
    </p>

    <p class='ocr_par' dir='ltr' id='par_1_6' title="bbox 202 964 1857 1406">
     <span class='ocr_line' id='line_1_11' title="bbox 294 964 1856 1021; baseline 0.003 -15"><span class='ocrx_word' id='word_1_77' title='bbox 294 975 366 1017; x_wconf 90' lang='lat'><strong>77.</strong></span> <span class='ocrx_word' id='word_1_78' title='bbox 434 964 551 1008; x_wconf 84' lang='lat' dir='ltr'><strong>Veni</strong></span> <span class='ocrx_word' id='word_1_79' title='bbox 579 964 721 1021; x_wconf 92' lang='lat' dir='ltr'><strong>igitur</strong></span> <span class='ocrx_word' id='word_1_80' title='bbox 750 972 908 1021; x_wconf 90' lang='lat' dir='ltr'><strong>postea</strong></span> <span class='ocrx_word' id='word_1_81' title='bbox 937 966 994 1008; x_wconf 93' lang='lat' dir='ltr'><strong>ad</strong></span> <span class='ocrx_word' id='word_1_82' title='bbox 1022 964 1164 1008; x_wconf 89' lang='lat' dir='ltr'><strong>illum:</strong></span> <span class='ocrx_word' id='word_1_83' title='bbox 1203 966 1393 1021; x_wconf 85' lang='lat' dir='ltr'><strong>exposui</strong></span> <span class='ocrx_word' id='word_1_84' title='bbox 1427 981 1522 1009; x_wconf 93' lang='lat' dir='ltr'><strong>rem</strong></span> <span class='ocrx_word' id='word_1_85' title='bbox 1558 974 1715 1010; x_wconf 89' lang='lat' dir='ltr'><strong>totam:</strong></span> <span class='ocrx_word' id='word_1_86' title='bbox 1749 967 1856 1010; x_wconf 91' lang='lat' dir='ltr'><strong>tulit·</strong></span> 
     </span>
     <span class='ocr_line' id='line_1_12' title="bbox 204 1041 1857 1098; baseline 0.002 -15"><span class='ocrx_word' id='word_1_87' title='bbox 204 1041 375 1084; x_wconf 83' lang='lat' dir='ltr'><strong>factum</strong></span> <span class='ocrx_word' id='word_1_88' title='bbox 413 1041 681 1098; x_wconf 81' lang='lat' dir='ltr'><strong>aegerrime.</strong></span> <span class='ocrx_word' id='word_1_89' title='bbox 724 1043 929 1085; x_wconf 91' lang='lat' dir='ltr'><strong>Tandem</strong></span> <span class='ocrx_word' id='word_1_90' title='bbox 958 1057 1099 1098; x_wconf 91' lang='lat' dir='ltr'><strong>quum</strong></span> <span class='ocrx_word' id='word_1_91' title='bbox 1126 1042 1330 1086; x_wconf 90' lang='lat' dir='ltr'><strong>viderem</strong></span> <span class='ocrx_word' id='word_1_92' title='bbox 1359 1043 1485 1086; x_wconf 90' lang='lat' dir='ltr'><strong>illum</strong></span> <span class='ocrx_word' id='word_1_93' title='bbox 1513 1044 1660 1087; x_wconf 90' lang='lat' dir='ltr'><strong>vereri</strong></span> <span class='ocrx_word' id='word_1_94' title='bbox 1694 1059 1753 1087; x_wconf 91' lang='lat' dir='ltr'><strong>ne</strong></span> <span class='ocrx_word' id='word_1_95' title='bbox 1781 1044 1857 1089; x_wconf 91' lang='lat' dir='ltr'><strong>sui</strong></span> 
     </span>
     <span class='ocr_line' id='line_1_13' title="bbox 203 1118 1852 1178; baseline 0.002 -18"><span class='ocrx_word' id='word_1_96' title='bbox 203 1118 522 1162; x_wconf 88' lang='lat' dir='ltr'><strong>maioricenses</strong></span> <span class='ocrx_word' id='word_1_97' title='bbox 545 1119 693 1175; x_wconf 91' lang='lat' dir='ltr'><strong>ipsum</strong></span> <span class='ocrx_word' id='word_1_98' title='bbox 715 1126 1077 1172; x_wconf 83' lang='lat' dir='ltr'><strong>contemnerent,</strong></span> <span class='ocrx_word' id='word_1_99' title='bbox 1103 1121 1226 1175; x_wconf 89' lang='lat' dir='ltr'><strong>quod</strong></span> <span class='ocrx_word' id='word_1_100' title='bbox 1248 1135 1340 1163; x_wconf 92' lang='lat' dir='ltr'><strong>non</strong></span> <span class='ocrx_word' id='word_1_101' title='bbox 1361 1121 1585 1178; x_wconf 90' lang='lat' dir='ltr'><strong>potuisset</strong></span> <span class='ocrx_word' id='word_1_102' title='bbox 1606 1121 1727 1164; x_wconf 90' lang='lat' dir='ltr'><strong>illam</strong></span> <span class='ocrx_word' id='word_1_103' title='bbox 1749 1136 1852 1164; x_wconf 90' lang='lat' dir='ltr'><strong>mu-</strong></span> 
     </span>
     <span class='ocr_line' id='line_1_14' title="bbox 204 1195 1852 1255; baseline 0.003 -18"><span class='ocrx_word' id='word_1_104' title='bbox 204 1195 420 1239; x_wconf 88' lang='lat' dir='ltr'><strong>tationem</strong></span> <span class='ocrx_word' id='word_1_105' title='bbox 448 1196 687 1252; x_wconf 82' lang='lat' dir='ltr'><strong>impedire,</strong></span> <span class='ocrx_word' id='word_1_106' title='bbox 720 1196 782 1239; x_wconf 91' lang='lat' dir='ltr'><strong>ita</strong></span> <span class='ocrx_word' id='word_1_107' title='bbox 810 1197 872 1239; x_wconf 88' lang='lat' dir='ltr'><strong>illi</strong></span> <span class='ocrx_word' id='word_1_108' title='bbox 901 1211 1080 1240; x_wconf 91' lang='lat' dir='ltr'><strong>mecum</strong></span> <span class='ocrx_word' id='word_1_109' title='bbox 1108 1197 1347 1240; x_wconf 89' lang='lat' dir='ltr'><strong>conuenit:</strong></span> <span class='ocrx_word' id='word_1_110' title='bbox 1389 1198 1633 1242; x_wconf 82' lang='lat' dir='ltr'><strong>scriberem</strong></span> <span class='ocrx_word' id='word_1_111' title='bbox 1671 1213 1759 1255; x_wconf 85' lang='lat' dir='ltr'><strong>ego</strong></span> <span class='ocrx_word' id='word_1_112' title='bbox 1796 1200 1852 1242; x_wconf 90' lang='lat' dir='ltr'><strong>ad</strong></span> 
     </span>
     <span class='ocr_line' id='line_1_15' title="bbox 202 1273 1854 1356; baseline 0.003 -42"><span class='ocrx_word' id='word_1_113' title='bbox 202 1273 409 1328; x_wconf 91' lang='lat' dir='ltr'><strong>patriam:</strong></span> <span class='ocrx_word' id='word_1_114' title='bbox 436 1274 473 1316; x_wconf 91' lang='lat' dir='ltr'><strong>si</strong></span> <span class='ocrx_word' id='word_1_115' title='bbox 496 1274 557 1316; x_wconf 90' lang='lat' dir='ltr'><strong>illi</strong></span> <span class='ocrx_word' id='word_1_116' title='bbox 581 1273 667 1317; x_wconf 90' lang='lat' dir='ltr'><strong>mei</strong></span> <span class='ocrx_word' id='word_1_117' title='bbox 691 1273 827 1316; x_wconf 91' lang='lat' dir='ltr'><strong>animi</strong></span> <span class='ocrx_word' id='word_1_118' title='bbox 850 1274 1131 1356; x_wconf 86' lang='lat' dir='ltr'><strong>propositum</strong></span> <span class='ocrx_word' id='word_1_119' title='bbox 1154 1289 1246 1317; x_wconf 93' lang='lat' dir='ltr'><strong>non</strong></span> <span class='ocrx_word' id='word_1_120' title='bbox 1269 1284 1595 1332; x_wconf 83' lang='lat' dir='ltr'><strong>repugnarent,</strong></span> <span class='ocrx_word' id='word_1_121' title='bbox 1621 1276 1733 1319; x_wconf 84' lang='lat' dir='ltr'><strong>nihil</strong></span> <span class='ocrx_word' id='word_1_122' title='bbox 1754 1290 1854 1320; x_wconf 88' lang='lat' dir='ltr'><strong>esse</strong></span> 
     </span>
     <span class='ocr_line' id='line_1_16' title="bbox 204 1350 780 1407; baseline 0.004 -15"><span class='ocrx_word' id='word_1_123' title='bbox 204 1350 360 1405; x_wconf 94' lang='lat' dir='ltr'><strong>quod</strong></span> <span class='ocrx_word' id='word_1_124' title='bbox 350 1365 445 1406; x_wconf 82' lang='lat' dir='ltr'><strong>lpse</strong></span> <span class='ocrx_word' id='word_1_125' title='bbox 468 1366 606 1407; x_wconf 83' lang='lat' dir='ltr'><strong>aegre</strong></span> <span class='ocrx_word' id='word_1_126' title='bbox 631 1352 780 1394; x_wconf 87' lang='lat' dir='ltr'><strong>ferret.</strong></span> 
     </span>
    </p>

    <p class='ocr_par' dir='ltr' id='par_1_7' title="bbox 204 1428 1858 1563">
     <span class='ocr_line' id='line_1_17' title="bbox 296 1428 1853 1488; baseline 0.003 -18"><span class='ocrx_word' id='word_1_127' title='bbox 296 1429 367 1481; x_wconf 90' lang='lat'><strong>78.</strong></span> <span class='ocrx_word' id='word_1_128' title='bbox 434 1428 540 1471; x_wconf 89' lang='lat' dir='ltr'><strong>Fuit</strong></span> <span class='ocrx_word' id='word_1_129' title='bbox 574 1428 715 1484; x_wconf 90' lang='lat' dir='ltr'><strong>igitur</strong></span> <span class='ocrx_word' id='word_1_130' title='bbox 746 1428 855 1471; x_wconf 90' lang='lat' dir='ltr'><strong>mihi</strong></span> <span class='ocrx_word' id='word_1_131' title='bbox 883 1443 1062 1485; x_wconf 88' lang='lat' dir='ltr'><strong>semper</strong></span> <span class='ocrx_word' id='word_1_132' title='bbox 1098 1437 1256 1486; x_wconf 90' lang='lat' dir='ltr'><strong>postea</strong></span> <span class='ocrx_word' id='word_1_133' title='bbox 1287 1432 1318 1482; x_wconf 79' lang='lat'><strong>⁵,</strong></span> <span class='ocrx_word' id='word_1_134' title='bbox 1350 1445 1455 1473; x_wconf 89' lang='lat' dir='ltr'><strong>nam</strong></span> <span class='ocrx_word' id='word_1_135' title='bbox 1484 1430 1643 1487; x_wconf 90' lang='lat' dir='ltr'><strong>scripsi</strong></span> <span class='ocrx_word' id='word_1_136' title='bbox 1679 1445 1767 1488; x_wconf 91' lang='lat' dir='ltr'><strong>ego</strong></span> <span class='ocrx_word' id='word_1_137' title='bbox 1796 1432 1853 1474; x_wconf 90' lang='lat' dir='ltr'><strong>ad</strong></span> 
     </span>
     <span class='ocr_line' id='line_1_18' title="bbox 204 1504 1858 1563; baseline 0.002 -17"><span class='ocrx_word' id='word_1_138' title='bbox 204 1504 439 1548; x_wconf 90' lang='lat' dir='ltr'><strong>sacristam</strong></span> <span class='ocrx_word' id='word_1_139' title='bbox 478 1508 839 1549; x_wconf 89' lang='lat' dir='ltr'><strong>Montannanum</strong></span> <span class='ocrx_word' id='word_1_140' title='bbox 868 1508 882 1528; x_wconf 75' lang='lat'><strong>⁶</strong></span> <span class='ocrx_word' id='word_1_141' title='bbox 912 1506 1089 1560; x_wconf 87' lang='lat' dir='ltr'><strong>literas,</strong></span> <span class='ocrx_word' id='word_1_142' title='bbox 1131 1506 1297 1562; x_wconf 90' lang='lat' dir='ltr'><strong>quibus</strong></span> <span class='ocrx_word' id='word_1_143' title='bbox 1334 1509 1616 1563; x_wconf 82' lang='lat' dir='ltr'><strong>exponebam</strong></span> <span class='ocrx_word' id='word_1_144' title='bbox 1654 1508 1858 1552; x_wconf 90' lang='lat' dir='ltr'><strong>rationes.</strong></span> 
     </span>
    </p>
   </div>
   <div class='ocr_carea' id='block_1_3' title="bbox 211 1647 476 1652">
    <p class='ocr_par' dir='ltr' id='par_1_8' title="bbox 211 1647 476 1652">
     <span class='ocr_line' id='line_1_19' title="bbox 211 1647 476 1652; baseline 0 0"><span class='ocrx_word' id='word_1_145' title='bbox 211 1647 476 1652; x_wconf 95' lang='lat' dir='ltr'><strong> </strong></span> 
     </span>
    </p>
   </div>
   <div class='ocr_carea' id='block_1_4' title="bbox 203 1727 1858 2494">
    <p class='ocr_par' dir='ltr' id='par_1_9' title="bbox 203 1727 1858 2494">
     <span class='ocr_line' id='line_1_20' title="bbox 279 1727 1854 1777; baseline 0.003 -16"><span class='ocrx_word' id='word_1_146' title='bbox 279 1729 288 1747; x_wconf 94' lang='lat'>¹</span> <span class='ocrx_word' id='word_1_147' title='bbox 341 1727 477 1762; x_wconf 84' lang='lat' dir='ltr'><strong>Frater</strong></span> <span class='ocrx_word' id='word_1_148' title='bbox 495 1728 816 1762; x_wconf 83' lang='lat' dir='ltr'><strong>Bartholomaeus</strong></span> <span class='ocrx_word' id='word_1_149' title='bbox 836 1728 992 1773; x_wconf 74' lang='lat' dir='ltr'><strong>Ferrao,</strong></span> <span class='ocrx_word' id='word_1_150' title='bbox 1017 1727 1225 1772; x_wconf 78' lang='lat' dir='ltr'><strong>lusitanUS‚</strong></span> <span class='ocrx_word' id='word_1_151' title='bbox 1246 1728 1295 1763; x_wconf 87' lang='lat' dir='ltr'><strong>de</strong></span> <span class='ocrx_word' id='word_1_152' title='bbox 1314 1740 1390 1775; x_wconf 95' lang='lat' dir='ltr'><strong>quo</strong></span> <span class='ocrx_word' id='word_1_153' title='bbox 1410 1728 1501 1764; x_wconf 92' lang='lat' dir='ltr'><strong>vide</strong></span> <span class='ocrx_word' id='word_1_154' title='bbox 1526 1730 1657 1777; x_wconf 75' lang='lat' dir='ltr'><strong>Epist.</strong></span> <span class='ocrx_word' id='word_1_155' title='bbox 1684 1730 1854 1772; x_wconf 72' lang='lat' dir='ltr'><strong>Mixtus„</strong></span> 
     </span>
     <span class='ocr_line' id='line_1_21' title="bbox 205 1785 1857 1837; baseline 0.002 -17"><span class='ocrx_word' id='word_1_156' title='bbox 205 1785 236 1829; x_wconf 88' lang='grc' dir='ltr'><strong>Ι,</strong></span> <span class='ocrx_word' id='word_1_157' title='bbox 267 1785 328 1830; x_wconf 85' lang='grc'><strong>87.</strong></span> <span class='ocrx_word' id='word_1_158' title='bbox 360 1787 420 1821; x_wconf 90' lang='lat' dir='ltr'><strong>De</strong></span> <span class='ocrx_word' id='word_1_159' title='bbox 451 1787 524 1821; x_wconf 89' lang='lat' dir='ltr'><strong>hoc</strong></span> <span class='ocrx_word' id='word_1_160' title='bbox 555 1786 640 1833; x_wconf 87' lang='lat' dir='ltr'><strong>ipso</strong></span> <span class='ocrx_word' id='word_1_161' title='bbox 666 1788 808 1822; x_wconf 71' lang='lat' dir='ltr'><strong>Ferrao</strong></span> <span class='ocrx_word' id='word_1_162' title='bbox 832 1787 876 1821; x_wconf 89' lang='lat' dir='ltr'><strong>P.</strong></span> <span class='ocrx_word' id='word_1_163' title='bbox 903 1787 1042 1830; x_wconf 87' lang='lat' dir='ltr'><strong>Nadal,</strong></span> <span class='ocrx_word' id='word_1_164' title='bbox 1068 1787 1108 1822; x_wconf 90' lang='lat' dir='ltr'><strong>in</strong></span> <span class='ocrx_word' id='word_1_165' title='bbox 1134 1787 1215 1822; x_wconf 87' lang='lat' dir='ltr'><strong>suis</strong></span> <span class='ocrx_word' id='word_1_166' title='bbox 1240 1788 1574 1834; x_wconf 77' lang='lat' dir='ltr'><strong>Ephemeridz&#39;bus</strong></span> <span class='ocrx_word' id='word_1_167' title='bbox 1598 1790 1857 1837; x_wconf 82' lang='lat' dir='ltr'><strong>autographis.</strong></span> 
     </span>
     <span class='ocr_line' id='line_1_22' title="bbox 204 1844 1855 1896; baseline 0.004 -17"><span class='ocrx_word' id='word_1_168' title='bbox 204 1844 319 1888; x_wconf 90' lang='lat' dir='ltr'><strong>(Cod.</strong></span> <span class='ocrx_word' id='word_1_169' title='bbox 338 1848 390 1891; x_wconf 86' lang='lat'><strong>2),</strong></span> <span class='ocrx_word' id='word_1_170' title='bbox 409 1845 457 1880; x_wconf 89' lang='lat' dir='ltr'><strong>ad</strong></span> <span class='ocrx_word' id='word_1_171' title='bbox 475 1858 619 1881; x_wconf 89' lang='lat' dir='ltr'><strong>annum</strong></span> <span class='ocrx_word' id='word_1_172' title='bbox 637 1855 698 1891; x_wconf 84' lang='lat'><strong>47,</strong></span> <span class='ocrx_word' id='word_1_173' title='bbox 718 1848 815 1882; x_wconf 90' lang='lat' dir='ltr'><strong>haec</strong></span> <span class='ocrx_word' id='word_1_174' title='bbox 834 1846 988 1882; x_wconf 85' lang='lat' dir='ltr'><strong>scribit:</strong></span> <span class='ocrx_word' id='word_1_175' title='bbox 1011 1848 1181 1882; x_wconf 88' lang='lat' dir='ltr'><strong>«Romae</strong></span> <span class='ocrx_word' id='word_1_176' title='bbox 1201 1847 1400 1894; x_wconf 90' lang='lat' dir='ltr'><strong>prohibuit</strong></span> <span class='ocrx_word' id='word_1_177' title='bbox 1418 1848 1461 1882; x_wconf 91' lang='lat' dir='ltr'><strong>P.</strong></span> <span class='ocrx_word' id='word_1_178' title='bbox 1483 1848 1660 1893; x_wconf 87' lang='lat' dir='ltr'><strong>Ignatius</strong></span> <span class='ocrx_word' id='word_1_179' title='bbox 1675 1848 1855 1896; x_wconf 89' lang='lat' dir='ltr'><strong>publicas</strong></span> 
     </span>
     <span class='ocr_line' id='line_1_23' title="bbox 206 1905 1855 1957; baseline 0.002 -17"><span class='ocrx_word' id='word_1_180' title='bbox 206 1905 540 1951; x_wconf 88' lang='lat' dir='ltr'><strong>mortificationes,</strong></span> <span class='ocrx_word' id='word_1_181' title='bbox 559 1918 722 1953; x_wconf 85' lang='lat' dir='ltr'><strong>quarum</strong></span> <span class='ocrx_word' id='word_1_182' title='bbox 747 1912 831 1942; x_wconf 90' lang='lat' dir='ltr'><strong>erat</strong></span> <span class='ocrx_word' id='word_1_183' title='bbox 856 1912 991 1942; x_wconf 87' lang='lat' dir='ltr'><strong>auctor</strong></span> <span class='ocrx_word' id='word_1_184' title='bbox 1015 1908 1059 1942; x_wconf 92' lang='lat' dir='ltr'><strong>P.</strong></span> <span class='ocrx_word' id='word_1_185' title='bbox 1086 1909 1251 1943; x_wconf 88' lang='lat' dir='ltr'><strong>Iacobus</strong></span> <span class='ocrx_word' id='word_1_186' title='bbox 1276 1910 1421 1954; x_wconf 84' lang='lat' dir='ltr'><strong>Eguias</strong></span> <span class='ocrx_word' id='word_1_187' title='bbox 1445 1920 1535 1943; x_wconf 89' lang='lat' dir='ltr'><strong>cum</strong></span> <span class='ocrx_word' id='word_1_188' title='bbox 1559 1910 1760 1954; x_wconf 85' lang='lat' dir='ltr'><strong>Ferronio,</strong></span> <span class='ocrx_word' id='word_1_189' title='bbox 1786 1909 1855 1957; x_wconf 83' lang='lat' dir='ltr'><strong>qui</strong></span> 
     </span>
     <span class='ocr_line' id='line_1_24' title="bbox 203 1964 1858 2014; baseline 0.004 -15"><span class='ocrx_word' id='word_1_190' title='bbox 203 1964 332 1999; x_wconf 80' lang='lat' dir='ltr'><strong>fuerat</strong></span> <span class='ocrx_word' id='word_1_191' title='bbox 354 1965 589 2001; x_wconf 85' lang='lat' dir='ltr'><strong>secretarius</strong></span> <span class='ocrx_word' id='word_1_192' title='bbox 615 1971 827 2014; x_wconf 89' lang='lat' dir='ltr'><strong>antequam</strong></span> <span class='ocrx_word' id='word_1_193' title='bbox 851 1966 1006 2002; x_wconf 91' lang='lat' dir='ltr'><strong>veniret</strong></span> <span class='ocrx_word' id='word_1_194' title='bbox 1029 1968 1073 2002; x_wconf 91' lang='lat' dir='ltr'><strong>P.</strong></span> <span class='ocrx_word' id='word_1_195' title='bbox 1099 1968 1331 2003; x_wconf 86' lang='lat' dir='ltr'><strong>Polancus.»</strong></span> <span class='ocrx_word' id='word_1_196' title='bbox 1361 1968 1555 2003; x_wconf 91' lang='lat' dir='ltr'><strong>Polancus</strong></span> <span class='ocrx_word' id='word_1_197' title='bbox 1581 1981 1675 2004; x_wconf 90' lang='lat' dir='ltr'><strong>vero</strong></span> <span class='ocrx_word' id='word_1_198' title='bbox 1701 1974 1858 2005; x_wconf 44' lang='lat' dir='ltr'><strong>mortuo.</strong></span> 
     </span>
     <span class='ocr_line' id='line_1_25' title="bbox 205 2025 1855 2073; baseline 0.003 -14"><span class='ocrx_word' id='word_1_199' title='bbox 205 2025 391 2060; x_wconf 91' lang='lat' dir='ltr'><strong>Ferronio</strong></span> <span class='ocrx_word' id='word_1_200' title='bbox 421 2025 610 2061; x_wconf 87' lang='lat' dir='ltr'><strong>suffectus</strong></span> <span class='ocrx_word' id='word_1_201' title='bbox 645 2026 719 2062; x_wconf 80' lang='lat' dir='ltr'><strong>fuit</strong></span> <span class='ocrx_word' id='word_1_202' title='bbox 754 2028 827 2061; x_wconf 92' lang='lat' dir='ltr'><strong>sub</strong></span> <span class='ocrx_word' id='word_1_203' title='bbox 858 2026 1013 2062; x_wconf 91' lang='lat' dir='ltr'><strong>initium</strong></span> <span class='ocrx_word' id='word_1_204' title='bbox 1048 2027 1164 2073; x_wconf 88' lang='lat' dir='ltr'><strong>hujus</strong></span> <span class='ocrx_word' id='word_1_205' title='bbox 1194 2028 1284 2062; x_wconf 92' lang='lat' dir='ltr'><strong>anni</strong></span> <span class='ocrx_word' id='word_1_206' title='bbox 1323 2036 1427 2073; x_wconf 82' lang='lat'><strong>1547.</strong></span> <span class='ocrx_word' id='word_1_207' title='bbox 1462 2028 1563 2063; x_wconf 86' lang='lat' dir='ltr'><strong>Vide</strong></span> <span class='ocrx_word' id='word_1_208' title='bbox 1598 2028 1855 2071; x_wconf 63' lang='lat' dir='ltr'><strong>ORLANDINI,</strong></span> 
     </span>
     <span class='ocr_line' id='line_1_26' title="bbox 204 2084 1851 2135; baseline 0.002 -16"><span class='ocrx_word' id='word_1_209' title='bbox 204 2084 312 2119; x_wconf 78' lang='lat' dir='ltr'><strong>Hist.</strong></span> <span class='ocrx_word' id='word_1_210' title='bbox 335 2086 374 2120; x_wconf 89' lang='lat' dir='ltr'><strong>S.</strong></span> <span class='ocrx_word' id='word_1_211' title='bbox 387 2086 447 2131; x_wconf 88' lang='lat' dir='ltr'><strong>J.,</strong></span> <span class='ocrx_word' id='word_1_212' title='bbox 468 2085 536 2120; x_wconf 90' lang='lat' dir='ltr'><strong>lib.</strong></span> <span class='ocrx_word' id='word_1_213' title='bbox 557 2086 646 2130; x_wconf 93' lang='lat' dir='ltr'><strong>VII,</strong></span> <span class='ocrx_word' id='word_1_214' title='bbox 666 2099 732 2121; x_wconf 90' lang='lat' dir='ltr'><strong>nn.</strong></span> <span class='ocrx_word' id='word_1_215' title='bbox 753 2086 775 2120; x_wconf 91' lang='lat'>6</span> <span class='ocrx_word' id='word_1_216' title='bbox 794 2092 833 2121; x_wconf 93' lang='lat' dir='ltr'><strong>et</strong></span> <span class='ocrx_word' id='word_1_217' title='bbox 852 2094 894 2131; x_wconf 82' lang='lat'><strong>73</strong></span> <span class='ocrx_word' id='word_1_218' title='bbox 915 2091 955 2121; x_wconf 91' lang='lat' dir='ltr'><strong>et</strong></span> <span class='ocrx_word' id='word_1_219' title='bbox 973 2086 1057 2133; x_wconf 91' lang='lat' dir='ltr'><strong>ipse</strong></span> <span class='ocrx_word' id='word_1_220' title='bbox 1083 2088 1126 2122; x_wconf 89' lang='lat' dir='ltr'><strong>P.</strong></span> <span class='ocrx_word' id='word_1_221' title='bbox 1154 2087 1277 2122; x_wconf 90' lang='lat' dir='ltr'><strong>Nadal</strong></span> <span class='ocrx_word' id='word_1_222' title='bbox 1304 2087 1343 2122; x_wconf 89' lang='lat' dir='ltr'><strong>in</strong></span> <span class='ocrx_word' id='word_1_223' title='bbox 1361 2088 1595 2134; x_wconf 88' lang='lat' dir='ltr'><strong>supradictis</strong></span> <span class='ocrx_word' id='word_1_224' title='bbox 1620 2089 1851 2135; x_wconf 75' lang='lat' dir='ltr'><strong>Eplzemeri-</strong></span> 
     </span>
     <span class='ocr_line' id='line_1_27' title="bbox 204 2144 1854 2191; baseline 0.004 -13"><span class='ocrx_word' id='word_1_225' title='bbox 204 2144 332 2186; x_wconf 80' lang='lat' dir='ltr'><strong>dibus,</strong></span> <span class='ocrx_word' id='word_1_226' title='bbox 352 2144 464 2180; x_wconf 89' lang='lat' dir='ltr'><strong>initio</strong></span> <span class='ocrx_word' id='word_1_227' title='bbox 482 2145 574 2180; x_wconf 92' lang='lat' dir='ltr'><strong>anni</strong></span> <span class='ocrx_word' id='word_1_228' title='bbox 596 2154 700 2191; x_wconf 79' lang='lat'><strong>1547,</strong></span> <span class='ocrx_word' id='word_1_229' title='bbox 725 2147 823 2181; x_wconf 89' lang='lat' dir='ltr'><strong>haec</strong></span> <span class='ocrx_word' id='word_1_230' title='bbox 848 2146 1072 2182; x_wconf 88' lang='lat' dir='ltr'><strong>annotavit:</strong></span> <span class='ocrx_word' id='word_1_231' title='bbox 1100 2148 1167 2181; x_wconf 89' lang='lat' dir='ltr'><strong>«P.</strong></span> <span class='ocrx_word' id='word_1_232' title='bbox 1193 2148 1401 2191; x_wconf 88' lang='lat' dir='ltr'><strong>Polancus,</strong></span> <span class='ocrx_word' id='word_1_233' title='bbox 1429 2147 1665 2183; x_wconf 87' lang='lat' dir='ltr'><strong>secretarius</strong></span> <span class='ocrx_word' id='word_1_234' title='bbox 1681 2148 1854 2184; x_wconf 86' lang='lat' dir='ltr'><strong>Societa-</strong></span> 
     </span>
     <span class='ocr_line' id='line_1_28' title="bbox 205 2203 1855 2253; baseline 0.003 -15"><span class='ocrx_word' id='word_1_235' title='bbox 205 2203 390 2239; x_wconf 81' lang='lat' dir='ltr'><strong>tis.›&gt;—P.</strong></span> <span class='ocrx_word' id='word_1_236' title='bbox 401 2205 648 2240; x_wconf 79' lang='lat' dir='ltr'><strong>LUDovlcus</strong></span> <span class='ocrx_word' id='word_1_237' title='bbox 664 2206 925 2249; x_wconf 67' lang='lat' dir='ltr'>GONQALVES</span> <span class='ocrx_word' id='word_1_238' title='bbox 940 2215 997 2241; x_wconf 84' lang='lat' dir='ltr'><strong>DA</strong></span> <span class='ocrx_word' id='word_1_239' title='bbox 1012 2206 1208 2252; x_wconf 86' lang='lat' dir='ltr'><strong>CAMARA,</strong></span> <span class='ocrx_word' id='word_1_240' title='bbox 1219 2206 1257 2242; x_wconf 88' lang='lat' dir='ltr'><strong>in</strong></span> <span class='ocrx_word' id='word_1_241' title='bbox 1273 2218 1343 2242; x_wconf 89' lang='lat' dir='ltr'><strong>suo</strong></span> <span class='ocrx_word' id='word_1_242' title='bbox 1358 2207 1594 2243; x_wconf 77' lang='lat' dir='ltr'><strong>Memoriali</strong></span> <span class='ocrx_word' id='word_1_243' title='bbox 1608 2220 1697 2253; x_wconf 85' lang='lat' dir='ltr'><strong>ms.,</strong></span> <span class='ocrx_word' id='word_1_244' title='bbox 1709 2208 1776 2243; x_wconf 83' lang='lat' dir='ltr'><strong>fol.</strong></span> <span class='ocrx_word' id='word_1_245' title='bbox 1791 2208 1855 2252; x_wconf 76' lang='lat'><strong>61,</strong></span> 
     </span>
     <span class='ocr_line' id='line_1_29' title="bbox 204 2263 1853 2313; baseline 0.004 -16"><span class='ocrx_word' id='word_1_246' title='bbox 204 2264 301 2298; x_wconf 90' lang='lat' dir='ltr'><strong>haec</strong></span> <span class='ocrx_word' id='word_1_247' title='bbox 319 2263 368 2298; x_wconf 94' lang='lat' dir='ltr'><strong>de</strong></span> <span class='ocrx_word' id='word_1_248' title='bbox 386 2264 471 2310; x_wconf 91' lang='lat' dir='ltr'><strong>ipso</strong></span> <span class='ocrx_word' id='word_1_249' title='bbox 490 2265 651 2299; x_wconf 74' lang='lat' dir='ltr'><strong>Ferrao:</strong></span> <span class='ocrx_word' id='word_1_250' title='bbox 675 2266 773 2300; x_wconf 88' lang='lat' dir='ltr'><strong>«Era</strong></span> <span class='ocrx_word' id='word_1_251' title='bbox 790 2266 1068 2300; x_wconf 88' lang='lat' dir='ltr'><strong>Bertholameu</strong></span> <span class='ocrx_word' id='word_1_252' title='bbox 1092 2267 1235 2301; x_wconf 75' lang='lat' dir='ltr'><strong>Ferrao</strong></span> <span class='ocrx_word' id='word_1_253' title='bbox 1259 2272 1491 2313; x_wconf 88' lang='lat' dir='ltr'><strong>portuguez,</strong></span> <span class='ocrx_word' id='word_1_254' title='bbox 1517 2269 1668 2302; x_wconf 89' lang='lat' dir='ltr'><strong>natural</strong></span> <span class='ocrx_word' id='word_1_255' title='bbox 1694 2268 1743 2303; x_wconf 93' lang='lat' dir='ltr'><strong>de</strong></span> <span class='ocrx_word' id='word_1_256' title='bbox 1761 2268 1853 2304; x_wconf 91' lang='lat' dir='ltr'><strong>Cas-</strong></span> 
     </span>
     <span class='ocr_line' id='line_1_30' title="bbox 204 2323 1853 2374; baseline 0.004 -17"><span class='ocrx_word' id='word_1_257' title='bbox 204 2323 299 2357; x_wconf 91' lang='lat' dir='ltr'><strong>tello</strong></span> <span class='ocrx_word' id='word_1_258' title='bbox 317 2324 481 2368; x_wconf 86' lang='lat' dir='ltr'><strong>Branco‚</strong></span> <span class='ocrx_word' id='word_1_259' title='bbox 501 2324 550 2359; x_wconf 92' lang='lat' dir='ltr'><strong>do</strong></span> <span class='ocrx_word' id='word_1_260' title='bbox 570 2325 732 2371; x_wconf 91' lang='lat' dir='ltr'><strong>bispado</strong></span> <span class='ocrx_word' id='word_1_261' title='bbox 750 2325 799 2360; x_wconf 89' lang='lat' dir='ltr'><strong>da</strong></span> <span class='ocrx_word' id='word_1_262' title='bbox 818 2326 990 2369; x_wconf 87' lang='lat' dir='ltr'><strong>Guarda,</strong></span> <span class='ocrx_word' id='word_1_263' title='bbox 1010 2325 1060 2360; x_wconf 89' lang='lat' dir='ltr'><strong>de</strong></span> <span class='ocrx_word' id='word_1_264' title='bbox 1079 2327 1201 2361; x_wconf 88' lang='lat' dir='ltr'><strong>nobre</strong></span> <span class='ocrx_word' id='word_1_265' title='bbox 1218 2330 1403 2373; x_wconf 74' lang='lat' dir='ltr'><strong>geracao:</strong></span> <span class='ocrx_word' id='word_1_266' title='bbox 1425 2328 1580 2373; x_wconf 88' lang='lat' dir='ltr'><strong>quando</strong></span> <span class='ocrx_word' id='word_1_267' title='bbox 1605 2340 1654 2362; x_wconf 92' lang='lat' dir='ltr'><strong>eu</strong></span> <span class='ocrx_word' id='word_1_268' title='bbox 1672 2329 1853 2374; x_wconf 86' lang='lat' dir='ltr'><strong>cheguey</strong></span> 
     </span>
     <span class='ocr_line' id='line_1_31' title="bbox 204 2383 1858 2434; baseline 0.004 -18"><span class='ocrx_word' id='word_1_269' title='bbox 204 2393 226 2416; x_wconf 92' lang='lat' dir='ltr'><strong>a</strong></span> <span class='ocrx_word' id='word_1_270' title='bbox 244 2383 367 2417; x_wconf 88' lang='lat' dir='ltr'><strong>Roma</strong></span> <span class='ocrx_word' id='word_1_271' title='bbox 386 2395 408 2417; x_wconf 96' lang='lat' dir='ltr'><strong>o</strong></span> <span class='ocrx_word' id='word_1_272' title='bbox 426 2395 528 2419; x_wconf 86' lang='lat' dir='ltr'><strong>anno</strong></span> <span class='ocrx_word' id='word_1_273' title='bbox 546 2384 594 2419; x_wconf 90' lang='lat' dir='ltr'><strong>de</strong></span> <span class='ocrx_word' id='word_1_274' title='bbox 615 2384 673 2429; x_wconf 84' lang='lat'><strong>53,</strong></span> <span class='ocrx_word' id='word_1_275' title='bbox 693 2385 781 2419; x_wconf 91' lang='lat' dir='ltr'><strong>auia</strong></span> <span class='ocrx_word' id='word_1_276' title='bbox 798 2397 848 2431; x_wconf 92' lang='lat' dir='ltr'><strong>ya</strong></span> <span class='ocrx_word' id='word_1_277' title='bbox 866 2387 978 2431; x_wconf 67' lang='lat' dir='ltr'><strong>algfis</strong></span> <span class='ocrx_word' id='word_1_278' title='bbox 1003 2397 1125 2420; x_wconf 91' lang='lat' dir='ltr'><strong>annos</strong></span> <span class='ocrx_word' id='word_1_279' title='bbox 1149 2398 1226 2432; x_wconf 92' lang='lat' dir='ltr'><strong>que</strong></span> <span class='ocrx_word' id='word_1_280' title='bbox 1251 2398 1315 2421; x_wconf 89' lang='lat' dir='ltr'><strong>era</strong></span> <span class='ocrx_word' id='word_1_281' title='bbox 1341 2393 1480 2431; x_wconf 87' lang='lat' dir='ltr'><strong>morto,</strong></span> <span class='ocrx_word' id='word_1_282' title='bbox 1507 2399 1588 2422; x_wconf 88' lang='lat' dir='ltr'><strong>mas</strong></span> <span class='ocrx_word' id='word_1_283' title='bbox 1613 2389 1738 2434; x_wconf 90' lang='lat' dir='ltr'><strong>achey</strong></span> <span class='ocrx_word' id='word_1_284' title='bbox 1762 2387 1858 2422; x_wconf 84' lang='lat' dir='ltr'><strong>uiuo</strong></span> 
     </span>
     <span class='ocr_line' id='line_1_32' title="bbox 204 2442 1853 2494; baseline 0.004 -18"><span class='ocrx_word' id='word_1_285' title='bbox 204 2442 256 2476; x_wconf 74' lang='lat' dir='ltr'><strong>hfi</strong></span> <span class='ocrx_word' id='word_1_286' title='bbox 276 2442 369 2477; x_wconf 87' lang='lat' dir='ltr'><strong>odor</strong></span> <span class='ocrx_word' id='word_1_287' title='bbox 386 2444 534 2488; x_wconf 87' lang='lat' dir='ltr'><strong>grande</strong></span> <span class='ocrx_word' id='word_1_288' title='bbox 553 2445 601 2479; x_wconf 91' lang='lat' dir='ltr'><strong>de</strong></span> <span class='ocrx_word' id='word_1_289' title='bbox 621 2456 690 2479; x_wconf 92' lang='lat' dir='ltr'><strong>sua</strong></span> <span class='ocrx_word' id='word_1_290' title='bbox 709 2444 879 2480; x_wconf 90' lang='lat' dir='ltr'><strong>virtude.</strong></span> <span class='ocrx_word' id='word_1_291' title='bbox 899 2446 1011 2481; x_wconf 93' lang='lat' dir='ltr'><strong>Tudo</strong></span> <span class='ocrx_word' id='word_1_292' title='bbox 1037 2457 1058 2480; x_wconf 95' lang='lat' dir='ltr'><strong>o</strong></span> <span class='ocrx_word' id='word_1_293' title='bbox 1082 2457 1158 2492; x_wconf 93' lang='lat' dir='ltr'><strong>que</strong></span> <span class='ocrx_word' id='word_1_294' title='bbox 1182 2445 1285 2481; x_wconf 90' lang='lat' dir='ltr'><strong>delle</strong></span> <span class='ocrx_word' id='word_1_295' title='bbox 1309 2447 1399 2493; x_wconf 91' lang='lat' dir='ltr'><strong>aqui</strong></span> <span class='ocrx_word' id='word_1_296' title='bbox 1423 2446 1529 2492; x_wconf 89' lang='lat' dir='ltr'><strong>digo,</strong></span> <span class='ocrx_word' id='word_1_297' title='bbox 1555 2449 1678 2482; x_wconf 87' lang='lat' dir='ltr'><strong>soube</strong></span> <span class='ocrx_word' id='word_1_298' title='bbox 1703 2459 1773 2494; x_wconf 91' lang='lat' dir='ltr'><strong>por</strong></span> <span class='ocrx_word' id='word_1_299' title='bbox 1790 2447 1853 2483; x_wconf 88' lang='lat' dir='ltr'><strong>via</strong></span> 
     </span>
    </p>
   </div>
   <div class='ocr_carea' id='block_1_5' title="bbox 205 2501 1853 2597">
    <p class='ocr_par' dir='ltr' id='par_1_10' title="bbox 205 2501 1853 2597">
     <span class='ocr_line' id='line_1_33' title="bbox 205 2501 1853 2552; baseline 0.004 -16"><span class='ocrx_word' id='word_1_300' title='bbox 205 2501 328 2537; x_wconf 93' lang='lat' dir='ltr'><strong>muito</strong></span> <span class='ocrx_word' id='word_1_301' title='bbox 347 2508 468 2547; x_wconf 86' lang='lat' dir='ltr'><strong>certa,</strong></span> <span class='ocrx_word' id='word_1_302' title='bbox 488 2504 634 2539; x_wconf 89' lang='lat' dir='ltr'><strong>dubido</strong></span> <span class='ocrx_word' id='word_1_303' title='bbox 653 2516 695 2539; x_wconf 88' lang='lat' dir='ltr'><strong>se</strong></span> <span class='ocrx_word' id='word_1_304' title='bbox 713 2504 781 2550; x_wconf 87' lang='lat' dir='ltr'><strong>foy</strong></span> <span class='ocrx_word' id='word_1_305' title='bbox 798 2505 847 2540; x_wconf 94' lang='lat' dir='ltr'><strong>de</strong></span> <span class='ocrx_word' id='word_1_306' title='bbox 867 2505 917 2540; x_wconf 89' lang='lat' dir='ltr'><strong>N.</strong></span> <span class='ocrx_word' id='word_1_307' title='bbox 938 2516 1086 2541; x_wconf 90' lang='lat' dir='ltr'><strong>mesmo</strong></span> <span class='ocrx_word' id='word_1_308' title='bbox 1110 2506 1170 2549; x_wconf 84' lang='lat' dir='ltr'><strong>P.,</strong></span> <span class='ocrx_word' id='word_1_309' title='bbox 1191 2517 1213 2540; x_wconf 93' lang='lat' dir='ltr'><strong>o</strong></span> <span class='ocrx_word' id='word_1_310' title='bbox 1231 2507 1320 2552; x_wconf 89' lang='lat' dir='ltr'><strong>qual</strong></span> <span class='ocrx_word' id='word_1_311' title='bbox 1345 2518 1367 2541; x_wconf 97' lang='lat' dir='ltr'><strong>o</strong></span> <span class='ocrx_word' id='word_1_312' title='bbox 1391 2512 1620 2542; x_wconf 87' lang='lat' dir='ltr'><strong>costumaua</strong></span> <span class='ocrx_word' id='word_1_313' title='bbox 1643 2508 1800 2542; x_wconf 87' lang='lat' dir='ltr'><strong>chamar</strong></span> <span class='ocrx_word' id='word_1_314' title='bbox 1817 2508 1853 2542; x_wconf 85' lang='lat' dir='ltr'><strong>el</strong></span> 
     </span>
     <span class='ocr_line' id='line_1_34' title="bbox 205 2562 463 2597; baseline 0.008 -2"><span class='ocrx_word' id='word_1_315' title='bbox 205 2562 463 2597; x_wconf 78' lang='lat' dir='ltr'><strong>intentable.»</strong></span> 
     </span>
    </p>
   </div>
   <div class='ocr_carea' id='block_1_6' title="bbox 207 2622 1853 2849">
    <p class='ocr_par' dir='ltr' id='par_1_11' title="bbox 276 2622 503 2667">
     <span class='ocr_line' id='line_1_35' title="bbox 276 2622 503 2667; baseline 0.004 -11"><span class='ocrx_word' id='word_1_316' title='bbox 276 2624 289 2642; x_wconf 57' lang='grc' dir='ltr'><strong>Ξ</strong></span> <span class='ocrx_word' id='word_1_317' title='bbox 342 2622 430 2667; x_wconf 90' lang='lat' dir='ltr'><strong>Ms.‚</strong></span> <span class='ocrx_word' id='word_1_318' title='bbox 451 2635 503 2657; x_wconf 86' lang='lat' dir='ltr'><strong>m.</strong></span> 
     </span>
    </p>

    <p class='ocr_par' dir='ltr' id='par_1_12' title="bbox 277 2682 706 2727">
     <span class='ocr_line' id='line_1_36' title="bbox 277 2682 706 2727; baseline 0.009 -12"><span class='ocrx_word' id='word_1_319' title='bbox 277 2682 291 2700; x_wconf 70' lang='lat'><strong>³</strong></span> <span class='ocrx_word' id='word_1_320' title='bbox 342 2682 432 2727; x_wconf 82' lang='lat' dir='ltr'><strong>Ms.‚</strong></span> <span class='ocrx_word' id='word_1_321' title='bbox 455 2683 706 2719; x_wconf 78' lang='lat' dir='ltr'><strong>Salmerone.</strong></span> 
     </span>
    </p>

    <p class='ocr_par' dir='ltr' id='par_1_13' title="bbox 207 2741 1853 2849">
     <span class='ocr_line' id='line_1_37' title="bbox 277 2741 1853 2791; baseline 0.003 -15"><span class='ocrx_word' id='word_1_322' title='bbox 277 2743 291 2762; x_wconf 73' lang='lat'>⁴</span> <span class='ocrx_word' id='word_1_323' title='bbox 341 2741 542 2777; x_wconf 88' lang='lat' dir='ltr'><strong>Elisabeth</strong></span> <span class='ocrx_word' id='word_1_324' title='bbox 562 2744 700 2790; x_wconf 86' lang='lat' dir='ltr'><strong>Roser,</strong></span> <span class='ocrx_word' id='word_1_325' title='bbox 719 2744 768 2779; x_wconf 90' lang='lat' dir='ltr'><strong>de</strong></span> <span class='ocrx_word' id='word_1_326' title='bbox 787 2756 863 2791; x_wconf 91' lang='lat' dir='ltr'><strong>qua</strong></span> <span class='ocrx_word' id='word_1_327' title='bbox 891 2744 1048 2791; x_wconf 87' lang='lat' dir='ltr'><strong>saepius</strong></span> <span class='ocrx_word' id='word_1_328' title='bbox 1066 2745 1106 2780; x_wconf 92' lang='lat' dir='ltr'><strong>in</strong></span> <span class='ocrx_word' id='word_1_329' title='bbox 1130 2745 1190 2780; x_wconf 91' lang='lat' dir='ltr'><strong>his</strong></span> <span class='ocrx_word' id='word_1_330' title='bbox 1216 2745 1489 2780; x_wconf 81' lang='lat' dir='ltr'><strong>Monumentis</strong></span> <span class='ocrx_word' id='word_1_331' title='bbox 1505 2746 1613 2786; x_wconf 64' lang='lat' dir='ltr'><strong>hist„</strong></span> <span class='ocrx_word' id='word_1_332' title='bbox 1634 2750 1674 2780; x_wconf 92' lang='lat' dir='ltr'><strong>et</strong></span> <span class='ocrx_word' id='word_1_333' title='bbox 1693 2745 1732 2780; x_wconf 90' lang='lat' dir='ltr'><strong>in</strong></span> <span class='ocrx_word' id='word_1_334' title='bbox 1754 2745 1853 2781; x_wconf 74' lang='lat' dir='ltr'><strong>Car-</strong></span> 
     </span>
     <span class='ocr_line' id='line_1_38' title="bbox 207 2803 596 2849; baseline 0.01 -15"><span class='ocrx_word' id='word_1_335' title='bbox 207 2804 269 2835; x_wconf 85' lang='lat' dir='ltr'><strong>tas</strong></span> <span class='ocrx_word' id='word_1_336' title='bbox 286 2803 333 2836; x_wconf 80' lang='lat' dir='ltr'><strong>de</strong></span> <span class='ocrx_word' id='word_1_337' title='bbox 354 2803 393 2837; x_wconf 81' lang='lat' dir='ltr'><strong>S.</strong></span> <span class='ocrx_word' id='word_1_338' title='bbox 416 2803 596 2849; x_wconf 76' lang='lat' dir='ltr'><strong>Ignacio.</strong></span> 
     </span>
    </p>
   </div>
   <div class='ocr_carea' id='block_1_7' title="bbox 207 2861 1856 2957">
    <p class='ocr_par' dir='ltr' id='par_1_14' title="bbox 207 2861 1856 2957">
     <span class='ocr_line' id='line_1_39' title="bbox 278 2861 1856 2912; baseline 0.003 -16"><span class='ocrx_word' id='word_1_339' title='bbox 278 2863 292 2882; x_wconf 84' lang='lat'>⁵</span> <span class='ocrx_word' id='word_1_340' title='bbox 344 2861 512 2908; x_wconf 87' lang='lat' dir='ltr'><strong>Aliquod</strong></span> <span class='ocrx_word' id='word_1_341' title='bbox 543 2865 707 2899; x_wconf 88' lang='lat' dir='ltr'><strong>verbum</strong></span> <span class='ocrx_word' id='word_1_342' title='bbox 738 2865 799 2900; x_wconf 90' lang='lat' dir='ltr'><strong>hic</strong></span> <span class='ocrx_word' id='word_1_343' title='bbox 827 2865 1042 2901; x_wconf 88' lang='lat' dir='ltr'><strong>desiderari</strong></span> <span class='ocrx_word' id='word_1_344' title='bbox 1068 2866 1238 2910; x_wconf 87' lang='lat' dir='ltr'><strong>videtur,</strong></span> <span class='ocrx_word' id='word_1_345' title='bbox 1264 2877 1335 2910; x_wconf 89' lang='lat' dir='ltr'><strong>sc.,</strong></span> <span class='ocrx_word' id='word_1_346' title='bbox 1356 2866 1524 2906; x_wconf 81' lang='lat' dir='ltr'><strong>amicus,</strong></span> <span class='ocrx_word' id='word_1_347' title='bbox 1552 2866 1759 2912; x_wconf 78' lang='lat' dir='ltr'><strong>propitius</strong></span> <span class='ocrx_word' id='word_1_348' title='bbox 1790 2866 1856 2901; x_wconf 80' lang='lat' dir='ltr'><strong>vel</strong></span> 
     </span>
     <span class='ocr_line' id='line_1_40' title="bbox 207 2920 475 2957; baseline 0.007 -2"><span class='ocrx_word' id='word_1_349' title='bbox 207 2920 314 2956; x_wconf 88' lang='lat' dir='ltr'><strong>aliud</strong></span> <span class='ocrx_word' id='word_1_350' title='bbox 333 2921 475 2957; x_wconf 90' lang='lat' dir='ltr'><strong>simile.</strong></span> 
     </span>
    </p>
   </div>
   <div class='ocr_carea' id='block_1_8' title="bbox 278 2981 735 3029">
    <p class='ocr_par' dir='ltr' id='par_1_15' title="bbox 278 2981 735 3029">
     <span class='ocr_line' id='line_1_41' title="bbox 278 2981 735 3029; baseline 0.009 -14"><span class='ocrx_word' id='word_1_351' title='bbox 278 2982 292 3002; x_wconf 77' lang='lat'><strong>⁶</strong></span> <span class='ocrx_word' id='word_1_352' title='bbox 345 2981 444 3017; x_wconf 91' lang='lat' dir='ltr'><strong>Vide</strong></span> <span class='ocrx_word' id='word_1_353' title='bbox 465 2994 595 3029; x_wconf 83' lang='lat' dir='ltr'><strong>supra,</strong></span> <span class='ocrx_word' id='word_1_354' title='bbox 617 2996 654 3018; x_wconf 91' lang='lat' dir='ltr'><strong>n.</strong></span> <span class='ocrx_word' id='word_1_355' title='bbox 677 2994 735 3019; x_wconf 85' lang='lat'><strong>22.</strong></span> 
     </span>
    </p>
   </div>
  </div>
 </body>
</html>
