2038 3313
256 227 326 264 274
828 218 966 254 EPIST.
996 217 1039 252 P.
1068 216 1331 263 NADAL--69

254 322 325 364 ch’
351 321 377 364 ἑ
399 320 477 377 piu
498 320 542 363 d'
568 321 646 363 vn’
671 334 806 373 anno,
833 320 893 363 mi
917 333 1104 364 occorre
1128 319 1225 362 farli
1249 319 1486 364 intendere
1515 335 1595 377 per
1626 335 1709 364 sua
1738 335 1901 365 conso-

250 398 422 443 latione
444 412 573 442 come
596 397 745 453 questi
769 397 869 441 Rdi.
899 396 1035 440 Padri
1057 396 1102 438 di
1126 397 1224 441 Sto.
1251 396 1413 440 Nicolo
1437 412 1516 454 per
1538 398 1686 455 gratia
1703 399 1777 443 del
1794 399 1898 455 Spi-

252 476 342 519 ritu
366 477 511 521 Santo
534 477 687 519 hanno
709 475 898 528 andato,
931 482 976 519 et
1005 474 1114 531 ogni
1144 474 1306 531 giorno
1329 489 1481 519 vanno
1503 475 1548 518 di
1576 477 1694 522 bene
1722 476 1769 520 in
1801 492 1898 522 me-

249 553 365 610 glio,
398 554 614 598 talmente
643 554 728 597 che
757 552 985 615 mediante
1019 552 1116 595 loro
1144 552 1341 597 sermoni
1369 553 1509 608 dotti,
1534 554 1821 609 documenti,
1852 562 1897 600 et

249 630 441 687 exempli
465 630 509 673 in
533 637 696 686 questa
718 629 843 683 01113,
874 645 954 686 per
977 629 1125 686 gratia
1147 630 1203 674 de
1226 630 1314 674 Dio
1337 631 1362 674 e
1383 631 1566 675 redutta
1588 631 1634 674 in
1657 633 1719 675 tal
1741 632 1896 677 termi-

248 723 323 762 no,
345 710 430 753 che
451 723 543 752 non
567 709 610 752 fa
631 708 747 752 altro
770 710 855 752 che
872 708 1074 761 laudare,
1095 708 1383 762 benedicere,
1404 716 1449 753 et
1466 709 1760 766 magnificare
1777 711 1806 753 l’
1826 710 1897 754 in—

249 787 378 830 finita
399 787 540 830 bonta
562 792 608 830 et
630 785 871 831 clementia
892 785 937 829 di
954 787 1067 844 Jesu
1089 786 1289 830 Christo.

340 878 380 920 3.
449 865 506 907 Et
534 864 749 908 hauendo
779 878 993 908 successo
1021 865 1064 907 13
1095 871 1242 909 morte
1269 865 1327 909 de
1355 865 1384 907 l'
1416 866 1658 910 abbatessa
1686 866 1775 911 del’
1807 867 1898 910 As·-

249 941 483 994 sensione,
509 956 589 998 per
611 956 749 998 opera
780 942 853 986 del
883 941 1056 998 Spiritu
1085 942 1228 987 Santo
1259 942 1289 985 li
1311 942 1424 987 detti
1453 943 1554 986 Rdie
1584 943 1718 987 Padri
1745 945 1898 988 hanno

246 1019 490 1064 hedificato
513 1033 604 1062 vno
626 1033 753 1062 nouo
776 1019 1040 1064 monisterio
1058 1019 1103 1062 di
1120 1020 1261 1063 donni
1278 1018 1373 1078 [sic]
1392 1020 1560 1077 virgini
1577 1020 1623 1064 in
1641 1036 1731 1065 vna
1748 1022 1896 1066 eccle—

247 1097 313 1141 sia
335 1097 381 1140 di
403 1112 484 1141 san
509 1096 713 1150 Micheli,
740 1096 964 1142 existente
986 1097 1031 1140 in
1054 1098 1096 1141 la
1118 1104 1259 1142 strata
1280 1099 1353 1142 del
1376 1099 1650 1144 monasterio
1673 1107 1828 1143 nostro
1851 1100 1896 1143 di

248 1175 389 1219 monti
411 1174 601 1231 virgini,
629 1190 814 1231 apresso
836 1174 866 1217 il
895 1175 1158 1220 monisterio
1186 1175 1232 1218 di
1262 1177 1359 1221 Sta.
1392 1176 1536 1220 Maria
1564 1177 1606 1221 la
1634 1178 1789 1230 Scala,
1822 1178 1895 1222 nel

245 1330 467 1387 spirituali
491 1331 533 1373 la
555 1345 712 1387 mayor
734 1338 862 1387 parte
884 1331 929 1374 di
952 1331 1089 1387 quelli
1112 1331 1157 1374 di
1179 1331 1292 1376 detti
1315 1331 1417 1375 Rdi.
1441 1331 1592 1385 Padri,
1619 1332 1649 1374 il
1667 1333 1773 1388 qual
1796 1347 1894 1376 mo—

245 1407 434 1452 nisterio
459 1409 484 1452 6
506 1408 737 1452 intitulato
760 1408 790 1451 il
811 1408 1087 1453 monasterio
1109 1408 1154 1451 di
1183 1410 1276 1453 San
1306 1409 1512 1463 Micheli,
1544 1416 1590 1454 et
1613 1410 1654 1453 31
1682 1417 1895 1466 presente

247 1493 318 1529 sta
353 1500 439 1529 con
468 1486 498 1528 li
526 1486 634 1529 boni
669 1486 932 1532 documenti
967 1493 1012 1531 et
1047 1486 1244 1530 sermoni
1278 1487 1351 1531 del
1388 1487 1502 1530 Rdo.
1537 1488 1590 1530 P.
1624 1489 1686 1531 M.
1720 1479 1894 1532 Antoni

244 1563 412 1618 Vinck3
434 1570 479 1608 et
497 1564 534 1607 si
552 1579 684 1620 spera
700 1563 747 1606 in
764 1563 854 1607 Dio
872 1570 1029 1607 nostro
1047 1563 1243 1620 Signore
1257 1579 1337 1621 per
1355 1563 1492 1620 quelli
1510 1564 1547 1607 si
1566 1565 1685 1609 farra
1702 1566 1764 1608 tal
1780 1565 1890 1619 vita,

242 1643 328 1686 che
344 1643 456 1699 Jesu
480 1642 664 1686 Christo
686 1643 809 1687 serra
832 1641 1019 1695 seruit03
1046 1648 1092 1686 et
1108 1642 1280 1686 hauera
1296 1642 1353 1686 de
1370 1641 1547 1686 rendita
1565 1642 1711 1685 conlo
1737 1643 1893 1687 fauore

241 1719 286 1762 di
309 1720 404 1764 Sua
427 1720 593 1773 Ex,cia,
619 1734 701 1776 per
722 1734 813 1762 vna
837 1718 1127 1776 pretensione
1156 1720 1241 1763 che
1270 1725 1396 1774 tene,
1430 1719 1537 1763 forsi
1559 1719 1618 1763 da
1646 1720 1763 1764 scuti
1792 1720 1890 1764 cin-

241 1804 468 1853 quecento
491 1812 572 1854 per
600 1812 736 1841 anno.

332 1888 374 1931 4.
442 1876 627 1918 Ancora
643 1874 674 1917 li
691 1874 805 1919 detti
824 1874 924 1918 Rdi.
948 1874 1100 1927 Padri,
1123 1882 1168 1919 et
1184 1874 1507 1931 specialmente
1524 1875 1555 1918 il
1573 1876 1687 1919 Rdo.
1712 1878 1764 1919 P.
1785 1878 1889 1920 Don

240 1954 522 2011 Hieronymo
539 1953 810 1997 Dominiche
832 1954 860 2006 ¹,
881 1955 1033 1997 hanno
1051 1953 1167 1996 fatto
1184 1952 1229 1996 di
1247 1952 1348 1996 altri
1365 1953 1486 1996 lochi
1503 1953 1549 1996 in
1567 1960 1729 2009 questo
1746 1969 1890 2011 regno

239 2032 283 2075 di
307 2047 472 2088 quessa
496 2039 648 2075 vostra
670 2045 799 2075 sacra
822 2030 1060 2087 rellijione,
1082 2046 1135 2074 zo
1153 2032 1193 2084 e,
1215 2046 1305 2074 vno
1328 2031 1374 2074 in
1398 2031 1636 2085 Cathania‚
1664 2040 1708 2076 et
1731 2047 1821 2075 vno
1844 2031 1889 2075 in

240 2109 473 2163 Siracusa,
522 2125 603 2166 per
640 2108 718 2165 piu
756 2109 965 2153 laudarse
1009 2115 1054 2152 et
1091 2108 1410 2165 magnific-arse
1453 2108 1484 2151 il
1528 2124 1663 2152 nomo
1697 2109 1742 2152 di
1776 2111 1888 2167 Jesu

239 2187 439 2231 Christo.

328 2276 370 2320 5.
438 2266 606 2308 Hanno
629 2279 795 2317 ancora
817 2263 938 2320 priso
961 2271 1006 2309 et
1032 2264 1143 2306 fatto
1165 2279 1254 2307 vna
1283 2278 1387 2308 casa
1415 2264 1461 2307 d’
1491 2264 1819 2321 approbatione
1840 2265 1885 2308 di

237 2343 377 2386 donni
415 2342 681 2395 conuertiti,
722 2349 767 2386 et
805 2341 942 2397 quelli
981 2342 1093 2385 fatto
1131 2342 1390 2398 gubernare
1428 2343 1486 2386 da
1528 2342 1654 2385 molti
1693 2342 1885 2386 confrati

232 2420 391 2477 figlioli
414 2420 635 2477 spirituali
653 2420 709 2464 de
732 2419 762 2461 li
785 2419 898 2463 detti
923 2418 1025 2462 Rdi.
1050 2418 1201 2471 Padri,
1223 2419 1252 2461 li
1271 2419 1392 2474 quali
1410 2420 1439 2462 l'
1460 2421 1611 2463 hanno
1630 2420 1742 2463 fatto
1759 2426 1882 2464 certa

232 2497 479 2542 elemosina
496 2496 752 2540 voluntaria
770 2497 948 2549 annale3
969 2503 1014 2540 et
1031 2510 1117 2539 con
1137 2496 1274 2552 quelli
1292 2498 1377 2541 che
1395 2497 1507 2541 detti
1527 2497 1663 2541 Padri
1680 2498 1709 2539 l’
1729 2499 1882 2540 hanno

232 2576 345 2618 fatto
367 2575 476 2619 dare
504 2575 577 2619 del
605 2573 876 2630 patrimonio
898 2574 956 2618 de
986 2580 1147 2628 questa
1176 2572 1285 2616 citta
1314 2581 1359 2618 et
1388 2574 1446 2617 da
1475 2575 1570 2619 Sua
1599 2573 1763 2627 Exssia,
1801 2576 1882 2619 ha—

232 2655 341 2697 3613
363 2653 420 2696 da
443 2652 562 2695 circa
579 2651 696 2695 scuti
721 2664 807 2695 2oo
829 2666 910 2708 per
931 2665 1073 2703 anno,
1101 2658 1145 2695 et
1174 2665 1260 2695 con
1291 2651 1427 2707 quelli
1459 2654 1496 2695 s'
1528 2653 1679 2696 hanno
1708 2653 1880 2708 guber-

219 2738 340 2773 ·nato
365 2737 410 2775 et
432 2731 702 2786 gubernano
725 2744 811 2772 con
835 2729 953 2771 bona
976 2735 1021 2772 et
1045 2727 1214 2784 optima
1236 2728 1490 2785 diligentia,
1518 2736 1563 2773 et
1586 2728 1632 2771 ui
1649 2744 1704 2773 su
1726 2729 1880 2773 andati

231 2808 305 2851 doi
335 2824 360 2851 a
390 2807 671 2864 perpetuarsi
700 2807 741 2850 al
769 2805 1044 2850 monasterio
1074 2806 1131 2849 de
1159 2806 1188 2847 li
1219 2806 1358 2849 donni
1393 2806 1637 2850 conuertiti
1665 2806 1881 2851 hedifiato

230 2893 350 2929 sotto
382 2901 462 2929 san
497 2884 658 2937 Basili,
694 2884 724 2926 li
757 2884 877 2939 quali
912 2898 1056 2926 sonno
1089 2883 1245 2926 nexuti
1279 2883 1324 2925 di
1363 2884 1488 2928 detta
1527 2898 1631 2927 casa
1664 2898 1751 2927 con
1784 2884 1879 2928 lore

304 3057 313 3076 ¹
367 3054 446 3101 Sic,
466 3065 534 3101 pro
554 3053 790 3089 Domeneclz.
