2038 3313
661 209 900 244 EPISTOLAE
927 207 971 242 P.
1000 207 1151 242 NADAL
1655 215 1727 243 xm

167 315 395 371 Epistolas
412 314 506 370 jam
536 313 645 356 alias
674 311 792 368 typis
821 325 1028 363 excusas,
1062 309 1167 353 licet
1195 309 1286 352 sint
1320 310 1373 351 P.
1400 307 1547 351 Nadal
1575 309 1646 351 vel
1670 310 1727 351 ad

77 393 223 449 ipsum
247 393 395 444 datae,
421 393 572 436 denuo
594 390 668 433 hic
691 389 973 433 recudendas
995 387 1179 431 minime
1200 386 1348 429 visum
1372 392 1456 429 est.
1479 384 1528 429 Si
1546 386 1727 440 quando

76 469 197 512 aliud
222 469 477 512 faciendum
502 468 617 512 ratio
645 466 853 518 suaserit,
880 465 925 508 id
953 465 1089 509 etiam
1118 463 1298 521 proprio
1331 464 1430 506 loco
1453 462 1646 515 dicetur,
1682 472 1727 506 et

77 547 122 589 in
146 546 348 603 generali
377 547 587 602 catalogo
616 545 719 587 illae
747 558 904 587 omnes
933 543 1206 596 inserentur,
1237 556 1352 597 opus
1380 539 1622 583 indicando
1652 541 1729 582 ubi

76 625 222 669 editae
246 624 428 676 fuerint,
456 631 507 666 ut
531 622 662 666 facile
684 621 877 665 inveniri
896 627 1080 677 queant.

165 703 535 758 Unumquodque
557 702 882 744 documentum
901 698 1060 755 lingua
1078 699 1252 750 eadem,
1274 712 1364 753 qua
1386 696 1603 753 scriptum
1628 697 1728 739 fus-

76 780 132 823 rit
149 781 205 824 ab
229 787 432 831 auctore,
455 785 746 836 proponetur.
769 777 818 822 Si
836 792 944 820 vero
964 783 1140 819 tantum
1157 775 1306 819 versio
1329 774 1449 817 illius
1466 773 1728 817 documenti

75 859 121 901 in
144 858 275 902 aliam
298 858 502 914 linguam
527 856 657 900 nobis
680 862 906 912 suppetat,
933 854 1054 897 illam
1077 853 1303 906 dabimus,
1330 853 1452 909 quod
1475 851 1657 908 quidem
1683 851 1728 894 in

74 937 171 993 ipsa
193 935 454 979 documenti
477 933 780 990 descriptione
801 931 1110 977 annotabitur.

165 1013 296 1056 Initio
326 1013 549 1068 cujusque
587 1011 804 1068 epistolae
832 1009 1128 1053 summarium
1156 1008 1383 1066 ponimus,
1421 1007 1498 1051 ubi
1526 1006 1727 1050 numeris

75 1090 400 1148 distinguimus
425 1089 547 1132 varia
570 1095 755 1145 puncta,
793 1103 909 1144 quae
932 1087 978 1130 in
1007 1087 1084 1130 illa
1114 1093 1466 1144 pertractantur,
1499 1100 1590 1141 quo
1620 1084 1727 1128 faci-

75 1169 178 1222 lius,
205 1175 298 1211 eta
320 1167 451 1210 nobis
475 1166 677 1224 allegari,
699 1173 744 1209 et
761 1181 787 1208 a
803 1165 1053 1209 lectoribus
1071 1164 1256 1222 reperiri
1279 1165 1475 1207 valeant.
1498 1165 1725 1220 Paragra—

75 1249 265 1302 phorum
304 1245 613 1302 separationes
649 1245 822 1296 (alinea
861 1250 1083 1286 vocantur
1112 1258 1138 1285 a
1171 1241 1415 1297 nonnullis)
1448 1240 1494 1284 in
1523 1240 1725 1297 epistolis

78 1324 222 1368 Patris
246 1325 390 1368 Nadal
413 1331 536 1367 recte
559 1324 826 1379 plerumque
854 1320 1145 1373 adhibentur,
1179 1336 1230 1364 ac
1261 1319 1451 1376 proinde
1480 1321 1565 1362 hac
1597 1318 1643 1361 in
1676 1333 1724 1361 re

74 1404 129 1445 ab
147 1401 256 1458 ipsis
274 1417 380 1444 mss.
404 1402 495 1444 fere
513 1415 603 1443 non
622 1398 898 1442 discedimus
921 1400 947 1441 ¹.
972 1400 1197 1444 Numeros
1217 1405 1393 1441 tantum
1412 1412 1496 1440 nos
1514 1395 1723 1439 addimus

71 1479 263 1536 singulis
297 1477 608 1535 paragraphis,
643 1476 719 1533 qui
751 1476 951 1520 numeris
981 1476 1027 1518 in
1056 1475 1312 1519 summariis
1347 1474 1504 1531 positis
1533 1489 1721 1530 respon-

73 1559 226 1610 deant,
256 1564 304 1600 ut
328 1571 472 1613 nuper
500 1555 712 1599 diximus.

163 1637 420 1687 Caeterum,
448 1634 569 1691 quod
592 1634 649 1677 ad
673 1632 893 1676 rationem
917 1631 1247 1675 transcribendi
1277 1647 1404 1684 mss,
1432 1638 1476 1674 et
1506 1646 1559 1675 ea
1581 1631 1722 1675 inter-

72 1711 306 1770 pungendi
328 1712 540 1769 pertinet,
567 1726 623 1755 en
653 1711 836 1767 regulas
865 1726 890 1753 a
913 1709 1044 1753 nobis
1075 1710 1337 1761 servandas,
1370 1724 1426 1753 ex
1454 1708 1507 1751 iis
1540 1708 1722 1766 potissi—

73 1806 193 1834 mum
225 1792 509 1846 desumptaS,
544 1804 656 1845 quas
693 1788 873 1831 sibimet
903 1794 1163 1830 statuerunt
1202 1787 1404 1830 historici
1443 1787 1647 1844 germani
1678 1787 1723 1829 in

71 1875 318 1920 conventu,
345 1882 464 1911 anno
494 1868 619 1921 1805,
646 1866 801 1909 habito
824 1867 859 1908 F
863 1864 1112 1908 rancofurti
1137 1866 1193 1908 ad
1224 1867 1439 1909 Moenum
1463 1866 1495 1908 ².

168 1960 202 1990 Ι.
269 1949 573 1997 Documenta,
615 1951 750 2001 prout
779 1943 824 1986 in
854 1958 962 1986 mss.
995 1950 1169 1996 extant,
1202 1944 1377 1986 nullum
1401 1944 1607 1996 verbum,
1642 1958 1725 1986 nec

71 2024 206 2067 etiam
230 2024 426 2067 litteram
451 2030 695 2074 mutantes,
729 2020 1032 2064 communiter
1059 2020 1390 2064 exhibebimus.

164 2114 203 2145 2.
270 2100 704 2157 Interpunctionem,
732 2099 809 2142 ubi
833 2098 879 2142 in
907 2114 1014 2142 mss.
1049 2098 1396 2151 desiderabitur,
1428 2113 1511 2142 nos
1540 2099 1724 2155 supple—

72 2178 236 2222 bimus.

165 2271 204 2312 3.
274 2259 669 2314 Paragraphorum
709 2254 1034 2312 separationes,
1078 2253 1155 2296 ubi
1194 2269 1309 2311 opus
1339 2254 1491 2306 fuerit,
1526 2254 1726 2297 numeris

73 2334 326 2387 distinctas,
353 2334 459 2378 licet
481 2335 527 2377 in
550 2349 656 2377 mss.
691 2332 1126 2390 praetermittantur,
1153 2347 1179 2375 a
1206 2331 1337 2375 nobis
1366 2331 1720 2375 adhibebuntur.

162 2425 204 2466 4.
272 2414 474 2464 Errores,
501 2411 539 2455 si
562 2411 638 2467 qui
662 2411 897 2455 evidenter
920 2409 966 2453 in
988 2409 1288 2466 originalibus
1306 2409 1720 2466 deprehendantur,

73 2492 158 2533 hac
181 2489 355 2533 ratione
377 2488 735 2542 emendabimus,
763 2495 813 2530 ut
835 2488 977 2531 lector
999 2486 1362 2530 emendationem
1387 2494 1603 2539 nostram,
1629 2487 1725 2529 sive

72 2567 118 2610 in
140 2567 449 2621 annotatione,
475 2566 571 2610 sive
593 2566 640 2609 in
665 2573 791 2610 textu
815 2565 930 2623 ipso,
957 2564 1087 2608 uncis
1105 2564 1337 2620 quadratis
1360 2564 1598 2618 inclusam,
1620 2580 1723 2622 per-

74 2644 250 2701 spicere
273 2644 429 2701 possit.

169 2734 207 2777 5.
276 2722 418 2778 Siqua
440 2723 581 2766 verba
603 2721 649 2764 in
672 2737 779 2765 mss.
807 2721 1138 2774 desiderentur,
1165 2735 1219 2765 eo
1243 2723 1365 2778 quod
1387 2723 1545 2765 charta
1572 2721 1726 2764 attrita

76 2800 226 2853 suerit,
253 2801 326 2843 vel
349 2800 435 2844 alia
458 2815 514 2843 ex
537 2815 692 2854 causa,
723 2800 933 2843 lacunam
960 2798 1264 2843 indicabimus
1294 2799 1420 2843 hisce
1447 2798 1642 2843 lineolis:
1668 2825 1725 2831 --

150 2930 158 2948 ¹
213 2926 313 2962 Vide
333 2932 465 2962 tamen
485 2926 599 2973 infra,
619 2928 795 2973 regulam
814 2926 888 2962 sub
907 2938 945 2961 n.
967 2925 988 2961 3
1008 2925 1190 2973 positam.

146 2989 158 3008 '²
210 2988 268 3022 Ex
288 2987 518 3022 recensione
537 2986 735 3031 historica,
756 2986 819 3021 cui
839 2987 991 3032 titulus,
1012 2987 1144 3022 Revue
1163 2987 1230 3021 des
1255 2986 1454 3032 questions
1472 2985 1724 3031 historiques,

76 3046 282 3081 trentieme
302 3049 440 3096 annee,
460 3047 643 3082 nouvelle
664 3047 780 3092 se'rie,
798 3051 826 3082 t.
846 3055 901 3081 XV
917 3046 1056 3090 (LIX.e
1078 3045 1177 3081 dela
1192 3045 1431 3091 collection),
1448 3056 1536 3091 pag.
1554 3044 1723 3089 277-278.
