2038 3313
251 154 303 180 XL
877 143 1058 180 NOTITIA
1085 151 1273 179 CODICUM

928 283 1111 322 Codex
1142 282 1227 321 12.

342 403 566 459 Apologia
584 403 747 445 Patris
771 403 925 446 Nadal
935 409 1024 459 pro
1041 404 1305 455 Exercitz'is,
1324 405 1481 443 contra
1491 403 1701 459 fratrem
1722 401 1899 442 Pedro—

253 481 330 522 clze
359 480 413 522 O.
443 481 696 522 P.—Haec
719 480 929 536 apologia
951 487 1210 523 asservatur
1232 479 1278 521 in
1300 478 1575 522 bibliotheca
1601 478 1810 521 vaticana
1832 478 1901 520 in*

255 564 321 600 ter
345 557 431 600 alia
454 558 675 613 opuscula
697 556 743 599 in
766 572 858 600 uno
880 557 1112 600 volumine
1135 558 1325 600 collecta
1347 563 1392 599 et
1409 555 1638 612 colligata,
1660 555 1737 598 ubi
1755 555 1906 598 variae

254 634 571 677 annotationes
608 641 653 677 et
685 634 1191 678 emendationesmanu
1222 634 1370 677 Patris
1400 634 1546 676 Nadal
1573 641 1784 676 exaratae
1815 633 1905 675 fre-

254 718 446 767 quenter
469 718 703 768 apparent,
730 718 775 754 et
797 711 938 768 ipsius
963 712 1112 755 Patris
1136 727 1244 755 cura
1272 718 1317 754 et
1345 710 1496 753 studio
1526 712 1644 753 hanc
1672 709 1905 753 collectio-

254 803 357 832 nem
398 789 563 832 factam
603 788 744 832 fuisse
777 795 1017 832 testantur.
1052 791 1184 845 Quae
1214 789 1396 845 quidem
1425 787 1632 831 collectio
1661 787 1766 830 olim
1792 787 1909 829 inter

254 881 361 909 mss.
388 866 629 910 Societatis
646 868 758 924 Jesu
788 868 958 909 Romae
985 866 1325 919 inveniebatur,
1358 852 1511 921 ibique
1539 881 1638 908 eam
1666 880 1715 908 se
1742 864 1910 907 vidisse

254 943 423 987 indicat
457 947 510 987 Ρ.
547 943 753 1000 [gnatius
789 943 962 996 Pinius,
1000 946 1112 987 Acta
1145 945 1438 996 Sanctorum,
1474 951 1505 986 t.
1546 958 1610 987 v11
1640 943 1754 1000 Jul.,
1791 943 1909 985 Acta

255 1023 304 1066 S.
332 1021 516 1078 Ignatii,
550 1028 792 1064 comment.
827 1036 1006 1076 praev.,
1041 1037 1084 1064 n.
1120 1023 1196 1074 883
1229 1036 1353 1064 nunc
1382 1028 1533 1064 autem
1563 1021 1609 1063 in
1639 1020 1911 1063 bibliotheca

255 1099 465 1142 vaticana
488 1105 642 1142 extare
666 1113 718 1141 ex
747 1101 799 1141 P.
834 1100 867 1140 F
873 1098 1079 1141 rancisc'o
1102 1099 1239 1142 Ehrle
1261 1098 1542 1142 rescivimus.
1571 1100 1640 1141 En
1671 1097 1809 1140 totius
1833 1111 1908 1139 co-

256 1176 384 1230 dicis,
412 1183 457 1219 et
479 1176 765 1232 singulorum
790 1177 1113 1232 opusculorum
1138 1175 1506 1232 descriptionem:

347 1254 575 1296 Volumen
599 1253 645 1295 in
667 1255 747 1307 4⁰,
775 1252 848 1295 cui
872 1255 985 1296 haec
1008 1253 1054 1296 in
1082 1254 1217 1296 dorso
1246 1268 1383 1310 supra
1412 1255 1720 1296 membranam
1750 1251 1911 1295 inscri-

257 1331 353 1388 ptio
376 1336 560 1373 exarata
583 1337 673 1373 est:
705 1332 768 1373 «E
797 1330 801 1388 Ι
837 1343 912 1374 121
946 1331 952 1387 Ι
981 1332 1100 1374 Acta
1125 1333 1170 1374 P.
1199 1333 1256 1374 N.
1285 1333 1383 1388 Ign.
1417 1333 1421 1389 Ι
1451 1330 1678 1388 Apologia
1701 1336 1858 1373 contra
1906 1328 1910 1386 Ι

260 1410 464 1452 Fratrem
508 1408 744 1451 Pedroche
787 1408 793 1465 Ι
835 1411 898 1451 n.⁰
942 1409 998 1451 66
1041 1408 1046 1467 Ι
1091 1412 1158 1451 n.⁰
1202 1410 1258 1451 66
1301 1409 1307 1467 Ι
1351 1410 1447 1452 Α...
1488 1409 1494 1467 Ι
1528 1409 1814 1452 Collectane—
1849 1408 1855 1464 Ι
1887 1422 1912 1449 3

263 1488 315 1530 Ρ.
342 1485 521 1529 Natal.»
548 1486 598 1528 In
621 1487 778 1529 charta
799 1486 934 1529 dorso
957 1486 1260 1542 agglutinata:
1291 1488 1355 1530 «C
1383 1486 1388 1542 Ι
1419 1499 1550 1541 371.»

350 1565 447 1607 Fol.
492 1576 508 1607 1
541 1579 576 1607 r.
610 1567 729 1607 hanc
761 1571 938 1606 tantum
966 1565 1162 1620 praefert
1200 1564 1555 1621 inscriptionem:
1597 1565 1859 1622 «Melanges
1907 1562 1913 1620 Ι

265 1657 310 1684 n.
339 1642 411 1684 66.
447 1641 453 1700 Ι
488 1643 653 1685 a»-—ff.
687 1654 711 1684 2
736 1649 780 1685 et
806 1655 829 1696 3
855 1656 999 1685 vacua
1022 1657 1221 1698 prorsus,
1255 1643 1351 1685 Fol.
1379 1656 1406 1696 4
1424 1642 1650 1696 additum,
1677 1649 1722 1685 et
1747 1645 1807 1697 3.⁰
1831 1656 1915 1698 ag-

265 1719 559 1776 glutinatum,
586 1721 733 1779 habet
748 1719 795 1763 in
818 1720 1020 1769 secunda
1042 1735 1147 1776 pag.
1175 1722 1298 1763 hunc
1316 1720 1528 1773 indicem,
1548 1734 1686 1762 manu
1706 1722 1756 1763 P.
1777 1721 1915 1764 Soth—

268 1798 388 1849 well,
429 1797 475 1839 ni
514 1797 733 1850 fallimur,
770 1804 1020 1841 exaratum:
1062 1797 1195 1841 «Vita
1225 1800 1276 1840 B.
1316 1797 1480 1854 Ignatii
1519 1813 1599 1854 per
1632 1797 1915 1841 Ludovicum

244 1874 576 1918 -Consalvium.
606 1874 1038 1931 Hispanice.—Vita
1061 1877 1114 1918 Β.
1136 1875 1300 1932 Ignatii
1318 1890 1397 1931 per
1416 1875 1585 1918 Annib.
1614 1876 1861 1918 Codretum
1886 1876 1912 1916 ¹.

269 1953 445 1997 Latine.
467 1978 525 1983 —
543 1953 662 1996 Acta
699 1952 850 1997 fratris
888 1952 1129 1996 Pedrochii
1167 1960 1324 1996 contra
1366 1952 1592 1996 exercitia.
1615 1978 1673 1983 —
1692 1951 1919 2008 Apologia

270 2033 327 2074 D.
356 2032 521 2073 Torres
544 2030 756 2087 Episcopi
778 2030 1066 2074 Canariensis
1089 2045 1171 2087 pro
1193 2030 1728 2086 exercitiis—Apologia
1752 2032 1798 2073 P.
1824 2031 1915 2073 Na-

272 2107 373 2152 talis
396 2122 477 2164 pro
501 2108 752 2151 Exercitiis.
767 2127 783 2147 »

365 2187 497 2241 Quae
520 2193 671 2229 autem
695 2201 854 2242 reapse
876 2186 919 2228 in
945 2186 1105 2229 codice
1133 2185 1440 2240 continentur,
1473 2194 1579 2229 sunt
1609 2185 1860 2242 sequentia,
1895 2198 1918 2240 7

275 2262 475 2306 numeris
518 2262 746 2306 distincta.
789 2262 915 2307 Folia
953 2263 1153 2307 numeris
1191 2278 1282 2306 non
1326 2263 1589 2320 signantur,
1638 2263 1723 2305 nisi
1768 2263 1813 2305 in
1859 2266 1918 2306 2.⁰

277 2341 515 2398 opusculo,
556 2340 630 2384 cui
670 2340 850 2384 titulus:
897 2342 1043 2385 «Acta
1080 2342 1303 2397 quaedam
1342 2341 1442 2384 Rdi.
1486 2356 1528 2397 p.
1571 2357 1615 2383 n.
1658 2340 1822 2397 Ignatii
1865 2341 1922 2383 de

280 2419 498 2475 Loyola»,
525 2425 611 2461 etc.

374 2496 409 2552 Ι)
477 2497 621 2540 «Acta
644 2511 687 2552 p.
715 2497 895 2552 Ignatii,
923 2505 972 2540 ut
1000 2497 1194 2553 primum
1223 2497 1402 2554 scripsit
1431 2513 1468 2553 p.
1505 2484 1765 2540 Ludovicus
1792 2496 1922 2540 Gon—

279 2575 414 2626 zales,
441 2574 671 2630 excipiens
693 2588 749 2617 ex
772 2588 850 2616 ore
872 2574 1013 2630 ipsius
1036 2574 1221 2631 patris.»
1250 2576 1315 2617 Ita
1337 2574 1515 2631 scripsit
1549 2576 1601 2617 Ρ.
1639 2574 1785 2618 Nadal
1818 2588 1923 2629 pro-

281 2652 376 2708 pria
397 2667 536 2694 manu
558 2651 604 2693 in
633 2651 855 2707 superiori
884 2652 1225 2707 ora—Incipit:
1258 2653 1430 2695 «Hasta
1458 2653 1524 2695 los
1564 2652 1619 2694 26
1642 2657 1753 2694 anos
1782 2651 1837 2693 de
1870 2665 1924 2692 su

281 2730 480 2772 edad...»
507 2730 542 2772 F
546 2730 604 2772 ol.
633 2742 683 2772 10
707 2744 750 2772 V.
777 2728 1093 2782 terminantur,
1119 2744 1236 2784 quae
1254 2744 1345 2772 uno
1369 2736 1516 2772 tractu
1540 2729 1596 2772 ab
1619 2729 1777 2771 eodem
1801 2742 1925 2770 ama—

359 2918 366 2936 ¹
421 2915 698 2959 Amanuensis,
718 2916 784 2962 qui
804 2917 899 2951 haec
918 2916 957 2950 in
975 2916 1061 2951 cod.
1083 2915 1253 2961 scripsit,
1280 2917 1342 2950 vel
1374 2916 1471 2951 alius
1496 2915 1668 2962 quidam,
1694 2913 1927 2950 cancellavit

282 2975 359 3010 duo
378 2975 473 3010 haec
493 2976 626 3019 verba,
647 2981 687 3011 et
706 2988 822 3023 supra
840 2975 997 3022 scripsit
1019 2976 1282 3017 Lemouicum,
1303 2981 1342 3011 at
1359 2988 1576 3023 perperam.
