2038 3313
667 228 722 266 ⁴12
749 221 997 256 DECEMssms
1027 228 1117 266 1555
1650 222 1723 268 337

71 337 162 366 con
182 323 324 366 molto
346 337 494 380 puoco
517 323 633 367 male
655 323 712 367 de
734 338 874 367 mare.
901 324 996 368 Sua
1017 323 1174 367 diuina
1196 324 1372 368 Maesta
1389 323 1431 367 ci
1448 324 1523 368 dia
1544 340 1726 383 sempre

75 399 224 456 gratia
245 400 303 444 de
325 400 494 445 sentire
516 414 600 443 sua
621 399 881 444 santissimo.
896 401 1102 455 volunta,
1123 407 1169 445 et
1187 401 1310 445 forze
1326 415 1406 457 per
1424 400 1726 448 interamente

75 476 336 533 acompirla.

167 554 226 597 Di
248 555 426 609 Genoa,
453 555 483 598 il
507 565 530 610 5
555 554 600 597 di
623 555 880 599 Decembre
915 565 1041 610 1555.

673 632 732 675 D.
754 632 812 675 V.
841 634 895 675 P.
921 646 1057 676 seruo
1079 647 1137 676 en
1160 633 1301 688 Xpo.,

1239 709 1269 767 ἦ·
1292 711 1481 753 NADAL.

1365 769 1394 827 Δῖ

167 865 414 919 Inscriptio
446 865 497 907 in
530 868 697 920 quarta
726 866 934 922 pagina:
967 864 996 922 †
1025 865 1087 908 Al
1118 865 1260 908 molto
1299 866 1414 908 Rdo.
1456 864 1500 907 in
1541 864 1728 909 Christo

79 942 243 994 Padre,
270 941 301 984 il
324 944 377 985 Ρ.
405 944 606 987 Maestro
629 941 808 999 Ignatio
831 944 888 987 de
910 943 1098 1000 LoyoLa,
1124 942 1354 999 preposito
1377 943 1592 1000 generale
1608 943 1729 987 dena

75 1019 364 1076 Compagnia
385 1020 443 1064 de
465 1019 626 1073 Giessi,
652 1035 678 1063 a
706 1021 865 1063 Roma.

168 1097 276 1139 Alia
294 1111 452 1139 manu:
476 1107 602 1152 1555.
624 1098 835 1141 Genoua.
858 1099 904 1141 M
913 1108 950 1140 .0
970 1098 1133 1142 Nadal.
1157 1108 1180 1153 5
1199 1099 1256 1142 de
1273 1099 1432 1142 Deae.
1454 1099 1555 1141 R‚ta
1577 1097 1651 1141 alli
1676 1110 1727 1141 12

76 1174 155 1218 del
177 1174 439 1218 medesimo.
468 1174 497 1232 †

866 1410 946 1451 85

522 1520 575 1561 Ρ.
613 1519 1029 1564 HIERONYMUS
1062 1521 1284 1564 NADAL

429 1630 673 1668 SANCTO
717 1631 982 1669 IGNATIO
1026 1634 1102 1668 DE
1144 1632 1393 1670 LOYOLA

470 1733 680 1786 Genuae,
733 1745 782 1776 12
827 1733 1096 1777 Decembris
1146 1745 1254 1789 1555
1304 1736 1332 1778 ¹.

277 1855 310 1880 Ι.
332 1845 602 1893 Navigationi
618 1857 657 1882 se
675 1847 995 1894 accingit.—2-5.
1016 1847 1077 1882 De
1095 1848 1263 1895 collegio
1285 1848 1531 1896 Carignani.

175 2027 271 2069 Pax
294 2026 402 2082 Xpi.

177 2116 214 2146 1.
281 2104 446 2157 Padre,
472 2102 614 2146 siamo
637 2103 823 2160 giouedi
847 2119 872 2147 a
895 2116 949 2147 22
975 2106 1101 2156 hore,
1123 2112 1169 2149 et
1192 2107 1393 2149 anchora
1416 2121 1508 2149 non
1525 2107 1550 2149 e
1573 2106 1733 2163 gionto

82 2181 113 2223 il
130 2181 328 2225 corriero
346 2180 391 2223 di
409 2183 568 2233 Roma,
594 2196 652 2225 ne
669 2183 865 2225 hauemo
883 2190 1104 2226 receuuto
1122 2183 1300 2227 lettere.
1322 2184 1456 2227 Dirro
1480 2184 1631 2239 quello
1648 2185 1734 2227 che

82 2272 244 2303 oecore
272 2265 433 2314 questa
471 2257 726 2302 settimana.
760 2259 938 2303 Lunedi
967 2266 1174 2303 stauamo
1203 2261 1511 2317 appareehiati
1540 2277 1619 2317 per
1648 2260 1734 2303 im—

84 2335 284 2380 barearsi
307 2342 352 2379 et
374 2334 568 2391 partirsi:
594 2350 711 2379 vene
734 2342 858 2379 certa
881 2350 1002 2379 noua
1030 2337 1148 2381 delle
1176 2338 1348 2393 gallere
1381 2338 1427 2381 di
1455 2338 1663 2390 Francia,
1690 2346 1735 2382 et

84 2412 274 2456 insieme
295 2412 332 2454 si
354 2413 480 2455 muto
503 2412 534 2454 il
557 2419 723 2468 tempo,
751 2419 796 2456 et
818 2412 918 2455 sino
940 2413 1085 2470 hoggi
1107 2415 1132 2457 e
1155 2421 1274 2457 stato
1298 2415 1442 2459 triste.
1471 2415 1597 2472 Ogni
1630 2429 1737 2458 cosa

86 2496 157 2532 sta
180 2489 497 2546 appareehiata
519 2489 565 2531 in
588 2504 722 2542 naue,
749 2497 794 2533 et
817 2490 888 2532 col
916 2490 1061 2546 primo
1090 2492 1184 2534 bon
1215 2499 1366 2547 tempo
1399 2506 1485 2535 con
1514 2493 1557 2535 la
1589 2492 1738 2548 gratia

87 2567 145 2611 de
167 2569 286 2623 Xpo.
313 2566 351 2609 si
374 2565 632 2622 partiremo.

175 2657 216 2687 2.
283 2645 469 2699 Quanto
493 2644 534 2686 al
563 2643 750 2700 negotio
779 2643 824 2686 di
853 2644 1140 2701 Carignano,
1172 2646 1216 2689 la
1246 2648 1298 2689 P.
1333 2648 1388 2690 V.
1423 2649 1593 2691 hauera
1616 2647 1736 2689 visto

84 2722 234 2777 quello
267 2723 352 2765 che
382 2722 426 2764 la
457 2719 698 2764 settimana
735 2728 917 2776 passata
949 2723 1009 2764 ho
1047 2722 1221 2775 scritto,
1263 2723 1337 2765 cui
1376 2739 1552 2767 summa
1589 2725 1614 2767 e
1652 2724 1737 2767 che

81 2801 178 2843 M,‘o
205 2801 438 2855 Stephano
460 2797 585 2842 Sauli
616 2797 778 2841 dieeua
806 2800 891 2842 che
920 2798 958 2841 si
986 2814 1255 2855 procurasse
1284 2815 1374 2843 vno
1398 2802 1538 2845 breue
1569 2801 1627 2843 da
1655 2815 1740 2844 sua

85 2876 252 2921 santita
273 2891 353 2932 per
377 2875 568 2919 facilitas
590 2874 621 2916 il
644 2874 850 2930 negotio,
877 2881 922 2918 et
945 2890 971 2918 a
993 2891 1066 2920 me
1089 2875 1149 2917 mi
1173 2891 1344 2932 pareua
1361 2879 1446 2922 ohe
1465 2877 1501 2920 si
1523 2892 1603 2934 per
1627 2861 1740 2920 astra

164 3046 175 3065 ¹
227 3044 285 3078 Ex
303 3041 498 3088 originali,
518 3041 558 3076 in
577 3041 706 3088 Epist.
729 3041 884 3083 Natal„
906 3042 937 3087 Ι,
959 3041 1073 3077 unico
1093 3042 1176 3088 fol.‚
1197 3042 1242 3078 33
1261 3047 1376 3089 (204).

238 3116 355 3144 Emsw.
376 3115 412 3143 Ρ.
435 3114 570 3147 ΝΑοΑι,
591 3121 667 3142 τον.
688 3113 713 3141 1.
1490 3118 1526 3145 22
