2038 3313
502 190 690 229 ComcEs
715 199 773 226 AD
799 190 844 227 P.
872 188 1023 226 NADAL
1049 196 1136 226 NON
1161 196 1454 226 PERTINENTES
1756 197 1795 227 L1

331 414 439 449 ALII
465 413 694 452 CODICES
721 413 795 449 AD
822 413 866 448 P.
895 411 1082 448 NADAL
1109 410 1222 449 NON
1249 411 1614 448 PERTINENTES

835 647 1019 688 Codex
1050 647 1125 687 19

238 766 435 822 Hegesia
458 765 718 807 litterarum
741 763 788 806 S.
812 764 868 806 P.
894 764 1074 820 Ignatii
1081 763 1238 805 .—Est
1255 761 1465 804 collectio
1484 761 1794 818 epistolarum,

148 857 265 899 quae
287 844 431 886 Roma
462 842 519 885 ad
548 841 696 885 varias
725 840 966 885 Societatis
996 839 1269 897 provincias,
1301 840 1476 893 domOS‚
1509 847 1554 883 et
1582 855 1800 897 personas

149 920 332 964 nomine
354 919 499 963 sancti
522 919 688 976 Ignatii
719 919 1034 972 mittebantur,
1066 919 1138 962 vel
1167 918 1347 975 integre
1374 918 1444 961 vel
1477 918 1800 975 compendiose

150 1005 550 1055 transumptarum.
579 996 798 1053 Quinque
820 1004 999 1040 constat
1020 995 1346 1039 voluminibus.

240 1076 443 1120 Primum
471 1076 561 1119 vol.
595 1075 641 1118 in
672 1076 747 1128 f.0,
782 1085 865 1130 225
898 1076 945 1118 ff.
972 1074 1181 1132 signatis,
1215 1081 1259 1118 et
1291 1088 1315 1130 3
1339 1089 1432 1118 non
1454 1074 1573 1132 sign.
1601 1082 1795 1119 constat.

151 1155 452 1211 Compactum
475 1161 521 1197 et
543 1155 700 1196 charta
722 1153 931 1197 crassiori
954 1160 1238 1210 coopertum,
1263 1155 1381 1196 hanc
1403 1152 1450 1195 in
1472 1154 1608 1197 dorso
1637 1153 1800 1197 inscri-

151 1232 352 1289 ptionem
375 1232 592 1289 praefert:
624 1230 793 1287 «Epist.
820 1230 989 1274 diuers.
1018 1233 1157 1274 Prou.
1187 1242 1297 1286 1547
1326 1230 1332 1289 Ι
1367 1241 1522 1286 1553.»
1550 1232 1601 1274 In
1623 1233 1797 1287 charta,

153 1325 243 1366 qua
265 1309 483 1367 operitur,
515 1311 634 1353 hanc
662 1310 801 1352 habet
828 1308 1186 1365 inscriptionem,
1221 1323 1338 1364 quae
1367 1324 1459 1352 non
1492 1316 1598 1354 ante
1630 1325 1799 1353 annum

158 1389 266 1432 1622
290 1387 458 1444 scripta
476 1387 577 1442 fuit,
600 1394 650 1430 ut
667 1393 791 1444 patet
808 1402 864 1431 ex
881 1386 1013 1430 titulo
1031 1387 1201 1439 Sancti,
1220 1386 1398 1443 Ignatio
1416 1386 1658 1431 attributo:
1684 1389 1799 1432 «Re-

152 1473 335 1523 gestum
357 1465 610 1510 litterarum
633 1466 682 1510 S.
711 1467 764 1508 P.
791 1464 1001 1522 Ignatii.»
1035 1466 1086 1508 In
1114 1464 1259 1521 primo
1289 1466 1367 1508 fol.
1400 1480 1494 1508 non
1521 1465 1662 1522 sign,
1695 1473 1803 1510 sunt

151 1543 264 1588 varii
288 1543 406 1586 tituli
429 1551 474 1588 et
492 1542 824 1595 annotationes,
848 1550 944 1585 tum
964 1542 1168 1597 Polanci,
1190 1550 1286 1586 tum
1304 1542 1511 1596 aliorum,
1532 1558 1671 1587 manu
1688 1543 1802 1588 scri—

152 1629 277 1678 ptae,
319 1637 437 1678 quae
468 1629 650 1678 postea,
683 1620 802 1664 linea
830 1636 856 1664 a
890 1636 1068 1664 summo
1106 1621 1318 1664 deorsum
1351 1622 1512 1675 ducta,
1553 1623 1802 1667 cancellata

152 1706 260 1744 sunt
281 1699 328 1742 in
352 1706 542 1756 utraque
566 1699 694 1744 facie.
722 1701 772 1742 In
794 1700 872 1743 fol.
901 1712 943 1754 2,
969 1714 1158 1743 numero
1188 1712 1204 1743 Ι
1232 1699 1433 1756 signato,
1458 1699 1684 1756 incipiunt
1705 1700 1801 1757 epi-

154 1778 296 1821 stolae
327 1779 415 1821 hoc
446 1777 592 1830 titulo,
628 1776 814 1821 Polanci
845 1792 1004 1820 manu:
1042 1776 1239 1833 «Copias
1267 1778 1324 1820 de
1351 1778 1487 1821 letras
1517 1793 1543 1820 o
1572 1784 1802 1822 extractos

154 1855 294 1899 dellas
327 1870 434 1911 para
462 1854 467 1913 Ι
496 1854 665 1909 Sicilia,
700 1856 922 1911 Corcega,
955 1854 1097 1907 Italia,
1130 1854 1339 1910 Francia,
1372 1856 1408 1899 F
1411 1856 1568 1899 landes
1596 1854 1602 1914 Ι
1630 1871 1660 1912 y
1690 1856 1794 1900 Ale-

153 1939 303 1986 mana,
329 1948 359 1989 y
381 1940 503 1976 otras
526 1940 675 1990 partes
705 1933 832 1976 fuera
861 1933 917 1976 de
946 1934 1170 1989 Espana.›>
1204 1932 1387 1990 Incipit:
1424 1935 1485 1977 «F
1489 1934 1689 1987 lorenza,
1725 1948 1806 1990 per

154 2013 199 2055 Μ
208 2021 246 2054 ,0
272 2010 440 2055 Lainez
457 2012 514 2055 de
530 2010 1028 2055 commissione—Pax
1042 2011 1454 2055 Chri.—Riceuete
1468 2013 1525 2056 N.
1547 2013 1629 2055 Re
1656 2012 1805 2068 quelle

152 2089 197 2131 di
222 2102 278 2148 29
299 2090 372 2133 del
394 2099 631 2146 passato...
657 2091 729 2133 De
750 2091 908 2143 Roma,
937 2100 959 2144 5
985 2090 1041 2133 de
1064 2091 1246 2147 Agosto
1275 2100 1471 2145 1553...»
1506 2089 1679 2135 Ultima
1707 2089 1804 2147 epi—

154 2168 269 2210 stola
297 2168 354 2211 ad
384 2169 437 2211 P.
472 2167 804 2224 Hieronymum
833 2169 1102 2211 Domenech
1130 2167 1208 2222 ita,
1243 2168 1318 2211 fol.
1357 2180 1460 2223 217,
1497 2167 1801 2212 concluditur:

159 2252 338 2288 «nostra
360 2260 594 2301 speranza,
616 2246 702 2289 che
718 2261 814 2289 non
832 2247 1077 2290 manchera
1093 2245 1197 2289 mai.
1218 2247 1290 2289 De
1308 2247 1468 2299 Roma,
1491 2257 1514 2301 5
1535 2246 1592 2290 de
1609 2248 1806 2289 Decem-

153 2323 234 2366 bre
263 2334 417 2378 1553.»
446 2323 616 2368 Ultima
639 2323 746 2367 folia
769 2324 937 2368 218-22
945 2334 967 2378 5
992 2323 1142 2367 varios
1163 2324 1398 2380 catalogos
1421 2330 1466 2367 et
1484 2323 1801 2367 annotationes

157 2401 342 2444 Polanci
365 2416 503 2444 manu
526 2401 717 2457 scriptas
739 2401 990 2445 continent.
1017 2402 1284 2457 Sequuntur
1307 2402 1398 2444 duo
1427 2402 1474 2444 ff.
1506 2415 1667 2444 vacua:
1700 2408 1802 2446 tan-

156 2479 389 2521 tummodo
410 2478 458 2521 in
482 2481 543 2521 2.‘²
568 2479 682 2522 facie
700 2478 846 2521 ultimi
866 2479 941 2522 fol.
962 2481 1076 2523 haec
1094 2478 1328 2522 annotatio
1346 2486 1430 2523 est:
1455 2480 1516 2522 «F
1520 2478 1687 2532 irenze,
1708 2480 1804 2523 Na—

157 2555 263 2611 poli,
291 2556 502 2609 Modena,
529 2556 742 2613 Vinegia,
771 2558 942 2610 Padoa,
970 2557 1244 2614 Morbegno,
1271 2557 1510 2600 Genoua.»

248 2634 511 2677 Secundum
532 2635 617 2677 vol.
636 2633 683 2676 in
699 2635 729 2677 f.
743 2646 787 2687 0,
806 2642 851 2679 et
865 2635 1023 2679 eadem
1038 2634 1212 2678 ratione
1228 2649 1280 2677 ac
1294 2633 1489 2691 primum
1504 2641 1808 2691 compactum,

158 2721 244 2764 270
260 2712 308 2753 ff.
331 2711 450 2767 sign.
472 2711 703 2754 coalescit.
726 2712 966 2769 Inscriptio
985 2728 1011 2756 a
1029 2719 1176 2769 tergo:
1199 2711 1369 2768 «Epist.
1401 2711 1407 2770 Ι
1436 2711 1591 2755 Italiae
1618 2711 1624 2770 Ι
1653 2713 1809 2756 Germ.

156 2787 162 2845 Ι
191 2787 382 2844 Hispan.
417 2787 422 2846 Ι
458 2800 567 2844 1353
597 2788 602 2847 Ι
637 2800 793 2844 1554.»
816 2791 868 2833 In
889 2789 1131 2834 recentiori
1154 2791 1327 2842 charta,
1349 2804 1439 2844 qua
1456 2789 1647 2833 interius
1670 2790 1814 2833 codex

158 2865 375 2922 operitur,
401 2868 514 2909 haec
532 2867 674 2910 altera
691 2866 943 2924 inscriptio,
964 2868 1139 2921 eadem,
1163 2874 1213 2910 ut
1230 2866 1427 2919 videtur,
1449 2882 1604 2921 manu,
1626 2868 1706 2911 sed
1723 2882 1814 2910 non

162 2950 252 2986 tam
274 2942 417 2987 nitide
439 2951 637 2998 exarata,
664 2959 716 2987 ac
739 2944 814 2988 illa
831 2944 988 2988 similis
1012 2944 1158 3001 posita
1180 2943 1226 2988 in
1250 2945 1467 3001 operculo
1496 2943 1551 2987 1.i
1577 2945 1667 2987 vol.
1699 2962 1715 2983 «
1725 2946 1811 2988 Re·

163 3027 343 3075 gestum
373 3021 378 3079 Ι
409 3021 710 3077 Epistolarum
726 3024 773 3066 S.
792 3024 843 3066 Ρ.
862 3025 917 3066 N.
952 3022 956 3082 Ι
987 3022 1166 3079 Ignatii.
1199 3022 1204 3080 Ι
1234 3022 1336 3065 Vol.
1358 3036 1408 3064 11.
1442 3021 1447 3078 Ι
1477 3032 1809 3078 an.1553—54.»
