<?xml version="1.0" encoding="UTF-8"?>
<!DOCTYPE html PUBLIC "-//W3C//DTD XHTML 1.0 Transitional//EN"
    "http://www.w3.org/TR/xhtml1/DTD/xhtml1-transitional.dtd">
<html xmlns="http://www.w3.org/1999/xhtml" xml:lang="en" lang="en">
 <head>
  <title>
</title>
<meta http-equiv="Content-Type" content="text/html;charset=utf-8" />
  <meta name='ocr-system' content='tesseract 3.04.00' />
  <meta name='ocr-capabilities' content='ocr_page ocr_carea ocr_par ocr_line ocrx_word'/>
</head>
<body>
  <div class='ocr_page' id='page_1' title='image "./epistolaephieron08nada_0885.png"; bbox 0 0 2038 3313; ppageno 0'>
   <div class='ocr_carea' id='block_1_1' title="bbox 821 206 1754 252">
    <p class='ocr_par' dir='ltr' id='par_1_1' title="bbox 821 206 1754 252">
     <span class='ocr_line' id='line_1_1' title="bbox 821 206 1754 252; baseline -0.001 -10"><span class='ocrx_word' id='word_1_1' title='bbox 821 207 1041 243; x_wconf 87' lang='lat' dir='ltr'><strong>APPENDIX</strong></span> <span class='ocrx_word' id='word_1_2' title='bbox 1684 206 1754 252; x_wconf 87' lang='lat'>807</span> 
     </span>
    </p>
   </div>
   <div class='ocr_carea' id='block_1_2' title="bbox 104 303 1757 2152">
    <p class='ocr_par' dir='ltr' id='par_1_2' title="bbox 109 303 1756 718">
     <span class='ocr_line' id='line_1_2' title="bbox 199 303 1754 360; baseline -0.001 -12"><span class='ocrx_word' id='word_1_3' title='bbox 199 304 275 349; x_wconf 91' lang='lat' dir='ltr'>Sic</span> <span class='ocrx_word' id='word_1_4' title='bbox 300 305 468 347; x_wconf 91' lang='lat' dir='ltr'>factum</span> <span class='ocrx_word' id='word_1_5' title='bbox 491 311 561 347; x_wconf 91' lang='lat' dir='ltr'>est</span> <span class='ocrx_word' id='word_1_6' title='bbox 582 303 740 346; x_wconf 91' lang='lat' dir='ltr'>diuino</span> <span class='ocrx_word' id='word_1_7' title='bbox 762 303 985 347; x_wconf 89' lang='lat' dir='ltr'>beneficio</span> <span class='ocrx_word' id='word_1_8' title='bbox 1008 311 1058 346; x_wconf 92' lang='lat' dir='ltr'>ut</span> <span class='ocrx_word' id='word_1_9' title='bbox 1080 303 1274 347; x_wconf 88' lang='lat' dir='ltr'>diuersis</span> <span class='ocrx_word' id='word_1_10' title='bbox 1302 303 1567 347; x_wconf 90' lang='lat' dir='ltr'>meritorum</span> <span class='ocrx_word' id='word_1_11' title='bbox 1599 303 1754 360; x_wconf 90' lang='lat' dir='ltr'>gradi—</span> 
     </span>
     <span class='ocr_line' id='line_1_3' title="bbox 110 363 1754 420; baseline -0.001 -13"><span class='ocrx_word' id='word_1_12' title='bbox 110 366 195 407; x_wconf 92' lang='lat' dir='ltr'>bus</span> <span class='ocrx_word' id='word_1_13' title='bbox 219 364 340 407; x_wconf 90' lang='lat' dir='ltr'>aucti</span> <span class='ocrx_word' id='word_1_14' title='bbox 362 365 547 407; x_wconf 88' lang='lat' dir='ltr'>domum</span> <span class='ocrx_word' id='word_1_15' title='bbox 570 363 685 407; x_wconf 86' lang='lat' dir='ltr'>salui</span> <span class='ocrx_word' id='word_1_16' title='bbox 708 370 753 407; x_wconf 90' lang='lat' dir='ltr'>et</span> <span class='ocrx_word' id='word_1_17' title='bbox 769 363 876 407; x_wconf 90' lang='lat' dir='ltr'>laeti</span> <span class='ocrx_word' id='word_1_18' title='bbox 893 378 1050 407; x_wconf 88' lang='lat' dir='ltr'>omnes</span> <span class='ocrx_word' id='word_1_19' title='bbox 1068 370 1424 416; x_wconf 89' lang='lat' dir='ltr'>reuerterentur,</span> <span class='ocrx_word' id='word_1_20' title='bbox 1444 370 1623 419; x_wconf 88' lang='lat' dir='ltr'>praeter</span> <span class='ocrx_word' id='word_1_21' title='bbox 1640 378 1754 420; x_wconf 89' lang='lat' dir='ltr'>pau-</span> 
     </span>
     <span class='ocr_line' id='line_1_4' title="bbox 110 422 1755 480; baseline 0.001 -13"><span class='ocrx_word' id='word_1_22' title='bbox 110 439 188 467; x_wconf 92' lang='lat' dir='ltr'>cos</span> <span class='ocrx_word' id='word_1_23' title='bbox 225 425 463 480; x_wconf 88' lang='lat' dir='ltr'>quosdam,</span> <span class='ocrx_word' id='word_1_24' title='bbox 500 438 613 479; x_wconf 92' lang='lat' dir='ltr'>quos</span> <span class='ocrx_word' id='word_1_25' title='bbox 645 423 734 466; x_wconf 88' lang='lat' dir='ltr'>iam</span> <span class='ocrx_word' id='word_1_26' title='bbox 767 424 989 466; x_wconf 86' lang='lat' dir='ltr'>affuturos</span> <span class='ocrx_word' id='word_1_27' title='bbox 1022 422 1308 466; x_wconf 89' lang='lat' dir='ltr'>confidimus.</span> <span class='ocrx_word' id='word_1_28' title='bbox 1347 425 1436 466; x_wconf 86' lang='lat' dir='ltr'>Pro</span> <span class='ocrx_word' id='word_1_29' title='bbox 1473 438 1523 467; x_wconf 93' lang='lat' dir='ltr'>se</span> <span class='ocrx_word' id='word_1_30' title='bbox 1560 423 1755 479; x_wconf 90' lang='lat' dir='ltr'>quisque</span> 
     </span>
     <span class='ocr_line' id='line_1_5' title="bbox 109 482 1754 539; baseline -0.001 -13"><span class='ocrx_word' id='word_1_31' title='bbox 109 484 359 536; x_wconf 75' lang='lat' dir='ltr'>laborabat,</span> <span class='ocrx_word' id='word_1_32' title='bbox 385 499 444 527; x_wconf 92' lang='lat' dir='ltr'>ne</span> <span class='ocrx_word' id='word_1_33' title='bbox 466 484 600 538; x_wconf 86' lang='lat' dir='ltr'>culpa</span> <span class='ocrx_word' id='word_1_34' title='bbox 622 498 705 526; x_wconf 89' lang='lat' dir='ltr'>sua</span> <span class='ocrx_word' id='word_1_35' title='bbox 727 482 961 526; x_wconf 89' lang='lat' dir='ltr'>inuentam</span> <span class='ocrx_word' id='word_1_36' title='bbox 984 482 1277 539; x_wconf 77' lang='lat' dir='ltr'>margaritam</span> <span class='ocrx_word' id='word_1_37' title='bbox 1300 482 1543 535; x_wconf 86' lang='lat' dir='ltr'>amitteret,</span> <span class='ocrx_word' id='word_1_38' title='bbox 1577 484 1754 526; x_wconf 90' lang='lat' dir='ltr'>nullum</span> 
     </span>
     <span class='ocr_line' id='line_1_6' title="bbox 111 542 1755 599; baseline 0.001 -14"><span class='ocrx_word' id='word_1_39' title='bbox 111 543 477 599; x_wconf 77' lang='lat' dir='ltr'>praetermittens</span> <span class='ocrx_word' id='word_1_40' title='bbox 505 543 833 594; x_wconf 90' lang='lat' dir='ltr'>adiumentum,</span> <span class='ocrx_word' id='word_1_41' title='bbox 867 543 989 599; x_wconf 90' lang='lat' dir='ltr'>quod</span> <span class='ocrx_word' id='word_1_42' title='bbox 1017 544 1074 585; x_wconf 93' lang='lat' dir='ltr'>ad</span> <span class='ocrx_word' id='word_1_43' title='bbox 1103 542 1317 585; x_wconf 89' lang='lat' dir='ltr'>maiorem</span> <span class='ocrx_word' id='word_1_44' title='bbox 1347 543 1574 586; x_wconf 87' lang='lat' dir='ltr'>conferret</span> <span class='ocrx_word' id='word_1_45' title='bbox 1605 543 1755 598; x_wconf 89' lang='lat' dir='ltr'>perfe-</span> 
     </span>
     <span class='ocr_line' id='line_1_7' title="bbox 111 602 1756 658; baseline 0.001 -13"><span class='ocrx_word' id='word_1_46' title='bbox 111 603 323 655; x_wconf 76' lang='lat' dir='ltr'>ctionem,</span> <span class='ocrx_word' id='word_1_47' title='bbox 350 604 407 647; x_wconf 88' lang='lat' dir='ltr'>ad</span> <span class='ocrx_word' id='word_1_48' title='bbox 434 617 570 658; x_wconf 90' lang='lat' dir='ltr'>quam</span> <span class='ocrx_word' id='word_1_49' title='bbox 599 617 756 645; x_wconf 89' lang='lat' dir='ltr'>omnes</span> <span class='ocrx_word' id='word_1_50' title='bbox 785 617 875 646; x_wconf 88' lang='lat' dir='ltr'>una</span> <span class='ocrx_word' id='word_1_51' title='bbox 903 602 1118 658; x_wconf 88' lang='lat' dir='ltr'>aspirare,</span> <span class='ocrx_word' id='word_1_52' title='bbox 1153 603 1228 646; x_wconf 92' lang='lat' dir='ltr'>uel</span> <span class='ocrx_word' id='word_1_53' title='bbox 1256 602 1408 658; x_wconf 91' lang='lat' dir='ltr'>potius</span> <span class='ocrx_word' id='word_1_54' title='bbox 1436 602 1756 647; x_wconf 82' lang='lat' dir='ltr'>honestissime</span> 
     </span>
     <span class='ocr_line' id='line_1_8' title="bbox 111 662 722 718; baseline -0.002 -13"><span class='ocrx_word' id='word_1_55' title='bbox 111 662 370 718; x_wconf 90' lang='lat' dir='ltr'>conspirare</span> <span class='ocrx_word' id='word_1_56' title='bbox 397 662 682 706; x_wconf 89' lang='lat' dir='ltr'>uidebantur.</span> <span class='ocrx_word' id='word_1_57' title='bbox 695 697 722 704; x_wconf 93' lang='lat'>..</span> 
     </span>
    </p>

    <p class='ocr_par' dir='ltr' id='par_1_3' title="bbox 104 721 1757 2152">
     <span class='ocr_line' id='line_1_9' title="bbox 201 721 1757 777; baseline -0.001 -11"><span class='ocrx_word' id='word_1_58' title='bbox 201 722 375 767; x_wconf 91' lang='lat' dir='ltr'>Videns</span> <span class='ocrx_word' id='word_1_59' title='bbox 405 725 457 766; x_wconf 88' lang='grc' dir='ltr'>Ρ.</span> <span class='ocrx_word' id='word_1_60' title='bbox 490 723 664 766; x_wconf 85' lang='lat' dir='ltr'>Natalis</span> <span class='ocrx_word' id='word_1_61' title='bbox 694 721 847 777; x_wconf 91' lang='lat' dir='ltr'>templi</span> <span class='ocrx_word' id='word_1_62' title='bbox 880 721 1168 773; x_wconf 87' lang='lat' dir='ltr'>breuitatem,</span> <span class='ocrx_word' id='word_1_63' title='bbox 1210 736 1300 777; x_wconf 90' lang='lat' dir='ltr'>quo</span> <span class='ocrx_word' id='word_1_64' title='bbox 1338 736 1497 764; x_wconf 92' lang='lat' dir='ltr'>sumus</span> <span class='ocrx_word' id='word_1_65' title='bbox 1534 722 1757 764; x_wconf 90' lang='lat' dir='ltr'>hactenus</span> 
     </span>
     <span class='ocr_line' id='line_1_10' title="bbox 110 780 1756 836; baseline -0.001 -11"><span class='ocrx_word' id='word_1_66' title='bbox 110 782 195 835; x_wconf 91' lang='lat' dir='ltr'>usi,</span> <span class='ocrx_word' id='word_1_67' title='bbox 228 782 396 825; x_wconf 90' lang='lat' dir='ltr'>nostris</span> <span class='ocrx_word' id='word_1_68' title='bbox 433 782 656 826; x_wconf 84' lang='lat' dir='ltr'>obeundis</span> <span class='ocrx_word' id='word_1_69' title='bbox 685 781 950 825; x_wconf 92' lang='lat' dir='ltr'>muneribus</span> <span class='ocrx_word' id='word_1_70' title='bbox 979 780 1332 836; x_wconf 84' lang='lat' dir='ltr'>ministeriisque</span> <span class='ocrx_word' id='word_1_71' title='bbox 1359 780 1624 825; x_wconf 85' lang='lat' dir='ltr'>exercendis</span> <span class='ocrx_word' id='word_1_72' title='bbox 1652 781 1756 836; x_wconf 88' lang='lat' dir='ltr'>plu-—</span> 
     </span>
     <span class='ocr_line' id='line_1_11' title="bbox 108 840 1757 897; baseline -0.001 -13"><span class='ocrx_word' id='word_1_73' title='bbox 108 842 270 885; x_wconf 89' lang='lat' dir='ltr'>rimum</span> <span class='ocrx_word' id='word_1_74' title='bbox 294 843 470 894; x_wconf 89' lang='lat' dir='ltr'>obesse,</span> <span class='ocrx_word' id='word_1_75' title='bbox 497 841 736 884; x_wconf 86' lang='lat' dir='ltr'>consilium</span> <span class='ocrx_word' id='word_1_76' title='bbox 760 842 988 897; x_wconf 84' lang='lat' dir='ltr'>quoddam</span> <span class='ocrx_word' id='word_1_77' title='bbox 1011 840 1242 896; x_wconf 85' lang='lat' dir='ltr'>singulare</span> <span class='ocrx_word' id='word_1_78' title='bbox 1271 841 1419 893; x_wconf 89' lang='lat' dir='ltr'>iniuit,</span> <span class='ocrx_word' id='word_1_79' title='bbox 1456 847 1507 883; x_wconf 95' lang='lat' dir='ltr'>ut</span> <span class='ocrx_word' id='word_1_80' title='bbox 1536 840 1681 882; x_wconf 91' lang='lat' dir='ltr'>maius</span> <span class='ocrx_word' id='word_1_81' title='bbox 1711 847 1757 884; x_wconf 90' lang='lat' dir='ltr'>et</span> 
     </span>
     <span class='ocr_line' id='line_1_12' title="bbox 107 899 1755 958; baseline -0.002 -14"><span class='ocrx_word' id='word_1_82' title='bbox 107 901 320 958; x_wconf 90' lang='lat' dir='ltr'>capacius</span> <span class='ocrx_word' id='word_1_83' title='bbox 343 901 464 944; x_wconf 88' lang='lat' dir='ltr'>aliud</span> <span class='ocrx_word' id='word_1_84' title='bbox 488 901 803 946; x_wconf 88' lang='lat' dir='ltr'>aedificaretur</span> <span class='ocrx_word' id='word_1_85' title='bbox 826 902 882 943; x_wconf 86' lang='lat' dir='ltr'>ad</span> <span class='ocrx_word' id='word_1_86' title='bbox 906 908 1101 956; x_wconf 88' lang='lat' dir='ltr'>tempus,</span> <span class='ocrx_word' id='word_1_87' title='bbox 1128 902 1236 943; x_wconf 90' lang='lat' dir='ltr'>dum</span> <span class='ocrx_word' id='word_1_88' title='bbox 1265 902 1403 956; x_wconf 88' lang='lat' dir='ltr'>longe</span> <span class='ocrx_word' id='word_1_89' title='bbox 1431 900 1541 942; x_wconf 87' lang='lat' dir='ltr'>illud</span> <span class='ocrx_word' id='word_1_90' title='bbox 1571 899 1755 955; x_wconf 88' lang='lat' dir='ltr'>amplis—</span> 
     </span>
     <span class='ocr_line' id='line_1_13' title="bbox 107 959 1754 1016; baseline -0.002 -12"><span class='ocrx_word' id='word_1_91' title='bbox 107 961 271 1004; x_wconf 91' lang='lat' dir='ltr'>simum</span> <span class='ocrx_word' id='word_1_92' title='bbox 295 961 341 1004; x_wconf 89' lang='lat' dir='ltr'>in</span> <span class='ocrx_word' id='word_1_93' title='bbox 364 962 530 1004; x_wconf 89' lang='lat' dir='ltr'>multos</span> <span class='ocrx_word' id='word_1_94' title='bbox 553 976 699 1003; x_wconf 91' lang='lat' dir='ltr'>annos</span> <span class='ocrx_word' id='word_1_95' title='bbox 721 961 1010 1012; x_wconf 77' lang='lat' dir='ltr'>conderetur,</span> <span class='ocrx_word' id='word_1_96' title='bbox 1037 960 1167 1003; x_wconf 90' lang='lat' dir='ltr'>cuius</span> <span class='ocrx_word' id='word_1_97' title='bbox 1190 967 1399 1016; x_wconf 88' lang='lat' dir='ltr'>sumptus</span> <span class='ocrx_word' id='word_1_98' title='bbox 1422 966 1468 1003; x_wconf 92' lang='lat' dir='ltr'>et</span> <span class='ocrx_word' id='word_1_99' title='bbox 1496 959 1635 1002; x_wconf 89' lang='lat' dir='ltr'>totius</span> <span class='ocrx_word' id='word_1_100' title='bbox 1659 960 1754 1001; x_wconf 86' lang='lat' dir='ltr'>col—</span> 
     </span>
     <span class='ocr_line' id='line_1_14' title="bbox 107 1018 1754 1077; baseline -0.001 -14"><span class='ocrx_word' id='word_1_101' title='bbox 107 1021 216 1077; x_wconf 91' lang='lat' dir='ltr'>legii</span> <span class='ocrx_word' id='word_1_102' title='bbox 238 1021 502 1065; x_wconf 91' lang='lat' dir='ltr'>oeconomia</span> <span class='ocrx_word' id='word_1_103' title='bbox 525 1020 740 1064; x_wconf 89' lang='lat' dir='ltr'>dilatione</span> <span class='ocrx_word' id='word_1_104' title='bbox 763 1020 913 1075; x_wconf 88' lang='lat' dir='ltr'>aliqua</span> <span class='ocrx_word' id='word_1_105' title='bbox 934 1020 1115 1062; x_wconf 90' lang='lat' dir='ltr'>videtur</span> <span class='ocrx_word' id='word_1_106' title='bbox 1138 1020 1358 1076; x_wconf 78' lang='lat' dir='ltr'>indigere.</span> <span class='ocrx_word' id='word_1_107' title='bbox 1387 1021 1452 1062; x_wconf 88' lang='lat' dir='ltr'>Eo</span> <span class='ocrx_word' id='word_1_108' title='bbox 1474 1018 1563 1062; x_wconf 89' lang='lat' dir='ltr'>iam</span> <span class='ocrx_word' id='word_1_109' title='bbox 1586 1020 1754 1075; x_wconf 91' lang='lat' dir='ltr'>perdu-</span> 
     </span>
     <span class='ocr_line' id='line_1_15' title="bbox 107 1079 1753 1136; baseline -0.002 -13"><span class='ocrx_word' id='word_1_110' title='bbox 107 1088 231 1123; x_wconf 86' lang='lat' dir='ltr'>ctum</span> <span class='ocrx_word' id='word_1_111' title='bbox 256 1088 306 1124; x_wconf 91' lang='lat' dir='ltr'>ut</span> <span class='ocrx_word' id='word_1_112' title='bbox 328 1096 497 1124; x_wconf 88' lang='lat' dir='ltr'>nouam</span> <span class='ocrx_word' id='word_1_113' title='bbox 520 1080 566 1123; x_wconf 92' lang='lat' dir='ltr'>in</span> <span class='ocrx_word' id='word_1_114' title='bbox 583 1096 710 1136; x_wconf 90' lang='lat' dir='ltr'>spem</span> <span class='ocrx_word' id='word_1_115' title='bbox 730 1080 967 1123; x_wconf 89' lang='lat' dir='ltr'>ueniamus</span> <span class='ocrx_word' id='word_1_116' title='bbox 989 1095 1210 1122; x_wconf 89' lang='lat' dir='ltr'>summam</span> <span class='ocrx_word' id='word_1_117' title='bbox 1229 1079 1551 1135; x_wconf 85' lang='lat' dir='ltr'>imponendam</span> <span class='ocrx_word' id='word_1_118' title='bbox 1569 1093 1753 1121; x_wconf 88' lang='lat' dir='ltr'>manum</span> 
     </span>
     <span class='ocr_line' id='line_1_16' title="bbox 106 1134 1754 1195; baseline -0.002 -11"><span class='ocrx_word' id='word_1_119' title='bbox 106 1134 308 1184; x_wconf 88' lang='lat' dir='ltr'>calendis</span> <span class='ocrx_word' id='word_1_120' title='bbox 330 1140 620 1184; x_wconf 89' lang='lat' dir='ltr'>Nouembris:</span> <span class='ocrx_word' id='word_1_121' title='bbox 646 1155 731 1184; x_wconf 91' lang='lat' dir='ltr'>nec</span> <span class='ocrx_word' id='word_1_122' title='bbox 754 1140 938 1183; x_wconf 90' lang='lat' dir='ltr'>omnino</span> <span class='ocrx_word' id='word_1_123' title='bbox 960 1139 1164 1195; x_wconf 88' lang='lat' dir='ltr'>impensa</span> <span class='ocrx_word' id='word_1_124' title='bbox 1186 1140 1315 1195; x_wconf 81' lang='lat' dir='ltr'>perit3</span> <span class='ocrx_word' id='word_1_125' title='bbox 1343 1139 1565 1194; x_wconf 85' lang='lat' dir='ltr'>siquidem</span> <span class='ocrx_word' id='word_1_126' title='bbox 1583 1153 1637 1181; x_wconf 89' lang='lat' dir='ltr'>ea</span> <span class='ocrx_word' id='word_1_127' title='bbox 1654 1154 1754 1181; x_wconf 57' lang='lat' dir='ltr'>Ino-1</span> 
     </span>
     <span class='ocr_line' id='line_1_17' title="bbox 107 1199 1754 1256; baseline -0.002 -12"><span class='ocrx_word' id='word_1_128' title='bbox 107 1201 281 1244; x_wconf 89' lang='lat' dir='ltr'>deratio</span> <span class='ocrx_word' id='word_1_129' title='bbox 305 1200 562 1253; x_wconf 87' lang='lat' dir='ltr'>adhibetur,</span> <span class='ocrx_word' id='word_1_130' title='bbox 589 1209 638 1242; x_wconf 92' lang='lat' dir='ltr'>ut</span> <span class='ocrx_word' id='word_1_131' title='bbox 662 1207 762 1256; x_wconf 91' lang='lat' dir='ltr'>post</span> <span class='ocrx_word' id='word_1_132' title='bbox 786 1199 941 1255; x_wconf 89' lang='lat' dir='ltr'>templi</span> <span class='ocrx_word' id='word_1_133' title='bbox 964 1214 1114 1251; x_wconf 90' lang='lat' dir='ltr'>usum,</span> <span class='ocrx_word' id='word_1_134' title='bbox 1141 1200 1432 1242; x_wconf 90' lang='lat' dir='ltr'>commodum</span> <span class='ocrx_word' id='word_1_135' title='bbox 1461 1206 1641 1241; x_wconf 86' lang='lat' dir='ltr'>maneat</span> <span class='ocrx_word' id='word_1_136' title='bbox 1671 1213 1754 1241; x_wconf 86' lang='lat' dir='ltr'>cu—</span> 
     </span>
     <span class='ocr_line' id='line_1_18' title="bbox 108 1259 1754 1315; baseline -0.002 -12"><span class='ocrx_word' id='word_1_137' title='bbox 108 1260 270 1303; x_wconf 88' lang='lat' dir='ltr'>biculis</span> <span class='ocrx_word' id='word_1_138' title='bbox 293 1260 565 1305; x_wconf 88' lang='lat' dir='ltr'>aedificium.</span> <span class='ocrx_word' id='word_1_139' title='bbox 593 1262 733 1302; x_wconf 85' lang='lat' dir='ltr'>Erant</span> <span class='ocrx_word' id='word_1_140' title='bbox 756 1259 863 1302; x_wconf 93' lang='lat' dir='ltr'>huic</span> <span class='ocrx_word' id='word_1_141' title='bbox 886 1259 1078 1315; x_wconf 84' lang='lat' dir='ltr'>collegio</span> <span class='ocrx_word' id='word_1_142' title='bbox 1095 1259 1344 1303; x_wconf 89' lang='lat' dir='ltr'>sacerdotis</span> <span class='ocrx_word' id='word_1_143' title='bbox 1362 1259 1599 1302; x_wconf 89' lang='lat' dir='ltr'>cuiusdam</span> <span class='ocrx_word' id='word_1_144' title='bbox 1618 1259 1754 1302; x_wconf 89' lang='lat' dir='ltr'>aedes</span> 
     </span>
     <span class='ocr_line' id='line_1_19' title="bbox 107 1318 1749 1376; baseline -0.002 -13"><span class='ocrx_word' id='word_1_145' title='bbox 107 1320 370 1376; x_wconf 79' lang='lat' dir='ltr'>contiguae,</span> <span class='ocrx_word' id='word_1_146' title='bbox 417 1335 530 1376; x_wconf 88' lang='lat' dir='ltr'>quas</span> <span class='ocrx_word' id='word_1_147' title='bbox 570 1327 830 1363; x_wconf 90' lang='lat' dir='ltr'>nostrarum</span> <span class='ocrx_word' id='word_1_148' title='bbox 869 1318 1128 1375; x_wconf 88' lang='lat' dir='ltr'>excogitata</span> <span class='ocrx_word' id='word_1_149' title='bbox 1165 1319 1406 1375; x_wconf 88' lang='lat' dir='ltr'>longitudo</span> <span class='ocrx_word' id='word_1_150' title='bbox 1443 1318 1749 1374; x_wconf 87' lang='lat' dir='ltr'>pertingebat.</span> 
     </span>
     <span class='ocr_line' id='line_1_20' title="bbox 107 1377 1751 1435; baseline -0.002 -11"><span class='ocrx_word' id='word_1_151' title='bbox 107 1380 241 1424; x_wconf 91' lang='lat' dir='ltr'>Multi</span> <span class='ocrx_word' id='word_1_152' title='bbox 265 1380 351 1423; x_wconf 90' lang='lat' dir='ltr'>iam</span> <span class='ocrx_word' id='word_1_153' title='bbox 374 1382 600 1424; x_wconf 90' lang='lat' dir='ltr'>fluxerant</span> <span class='ocrx_word' id='word_1_154' title='bbox 622 1379 744 1432; x_wconf 90' lang='lat' dir='ltr'>anni,</span> <span class='ocrx_word' id='word_1_155' title='bbox 771 1394 875 1422; x_wconf 91' lang='lat' dir='ltr'>cum</span> <span class='ocrx_word' id='word_1_156' title='bbox 898 1379 1021 1435; x_wconf 87' lang='lat' dir='ltr'>regis</span> <span class='ocrx_word' id='word_1_157' title='bbox 1043 1378 1231 1435; x_wconf 88' lang='lat' dir='ltr'>imperio</span> <span class='ocrx_word' id='word_1_158' title='bbox 1254 1379 1375 1422; x_wconf 90' lang='lat' dir='ltr'>mille</span> <span class='ocrx_word' id='word_1_159' title='bbox 1392 1377 1602 1421; x_wconf 90' lang='lat' dir='ltr'>ducentis</span> <span class='ocrx_word' id='word_1_160' title='bbox 1619 1392 1751 1420; x_wconf 92' lang='lat' dir='ltr'>coro-</span> 
     </span>
     <span class='ocr_line' id='line_1_21' title="bbox 106 1437 1754 1494; baseline -0.002 -11"><span class='ocrx_word' id='word_1_161' title='bbox 106 1439 224 1483; x_wconf 85' lang='lat' dir='ltr'>natis</span> <span class='ocrx_word' id='word_1_162' title='bbox 263 1440 412 1484; x_wconf 88' lang='lat' dir='ltr'>aureis</span> <span class='ocrx_word' id='word_1_163' title='bbox 446 1440 625 1483; x_wconf 87' lang='lat' dir='ltr'>fuerant</span> <span class='ocrx_word' id='word_1_164' title='bbox 658 1439 937 1491; x_wconf 80' lang='lat' dir='ltr'>aestimatae3</span> <span class='ocrx_word' id='word_1_165' title='bbox 979 1438 1110 1494; x_wconf 87' lang='lat' dir='ltr'>cujus</span> <span class='ocrx_word' id='word_1_166' title='bbox 1139 1453 1343 1482; x_wconf 89' lang='lat' dir='ltr'>summae</span> <span class='ocrx_word' id='word_1_167' title='bbox 1376 1437 1566 1494; x_wconf 90' lang='lat' dir='ltr'>penuria</span> <span class='ocrx_word' id='word_1_168' title='bbox 1595 1437 1754 1480; x_wconf 90' lang='lat' dir='ltr'>aedifi-</span> 
     </span>
     <span class='ocr_line' id='line_1_22' title="bbox 105 1497 1754 1555; baseline -0.002 -13"><span class='ocrx_word' id='word_1_169' title='bbox 105 1499 253 1555; x_wconf 90' lang='lat' dir='ltr'>ciique</span> <span class='ocrx_word' id='word_1_170' title='bbox 276 1499 512 1555; x_wconf 79' lang='lat' dir='ltr'>perexigui</span> <span class='ocrx_word' id='word_1_171' title='bbox 530 1514 801 1555; x_wconf 89' lang='lat' dir='ltr'>progressus</span> <span class='ocrx_word' id='word_1_172' title='bbox 820 1498 1092 1554; x_wconf 90' lang='lat' dir='ltr'>emptionem</span> <span class='ocrx_word' id='word_1_173' title='bbox 1112 1498 1398 1542; x_wconf 85' lang='lat' dir='ltr'>distulerant.</span> <span class='ocrx_word' id='word_1_174' title='bbox 1421 1497 1599 1542; x_wconf 90' lang='lat' dir='ltr'>Certior</span> <span class='ocrx_word' id='word_1_175' title='bbox 1616 1497 1754 1540; x_wconf 91' lang='lat' dir='ltr'>huius</span> 
     </span>
     <span class='ocr_line' id='line_1_23' title="bbox 106 1556 1753 1613; baseline -0.002 -12"><span class='ocrx_word' id='word_1_176' title='bbox 106 1559 171 1604; x_wconf 93' lang='lat' dir='ltr'>rei</span> <span class='ocrx_word' id='word_1_177' title='bbox 195 1561 358 1613; x_wconf 89' lang='lat' dir='ltr'>factus,</span> <span class='ocrx_word' id='word_1_178' title='bbox 384 1559 482 1601; x_wconf 88' lang='lat' dir='ltr'>illas</span> <span class='ocrx_word' id='word_1_179' title='bbox 513 1559 618 1602; x_wconf 91' lang='lat' dir='ltr'>uisit</span> <span class='ocrx_word' id='word_1_180' title='bbox 648 1562 700 1602; x_wconf 85' lang='lat' dir='ltr'>P.</span> <span class='ocrx_word' id='word_1_181' title='bbox 734 1559 925 1610; x_wconf 87' lang='lat' dir='ltr'>Natalis,</span> <span class='ocrx_word' id='word_1_182' title='bbox 959 1566 1004 1601; x_wconf 92' lang='lat' dir='ltr'>et</span> <span class='ocrx_word' id='word_1_183' title='bbox 1033 1559 1165 1601; x_wconf 85' lang='lat' dir='ltr'>valde</span> <span class='ocrx_word' id='word_1_184' title='bbox 1194 1557 1473 1602; x_wconf 89' lang='lat' dir='ltr'>necessarias</span> <span class='ocrx_word' id='word_1_185' title='bbox 1502 1572 1604 1601; x_wconf 91' lang='lat' dir='ltr'>esse</span> <span class='ocrx_word' id='word_1_186' title='bbox 1631 1556 1753 1599; x_wconf 89' lang='lat' dir='ltr'>iudi-</span> 
     </span>
     <span class='ocr_line' id='line_1_24' title="bbox 105 1616 1749 1675; baseline -0.002 -13"><span class='ocrx_word' id='word_1_187' title='bbox 105 1634 230 1671; x_wconf 89' lang='lat' dir='ltr'>cans,</span> <span class='ocrx_word' id='word_1_188' title='bbox 257 1626 308 1661; x_wconf 92' lang='lat' dir='ltr'>ut</span> <span class='ocrx_word' id='word_1_189' title='bbox 329 1618 505 1663; x_wconf 83' lang='lat' dir='ltr'>externi</span> <span class='ocrx_word' id='word_1_190' title='bbox 528 1618 664 1661; x_wconf 92' lang='lat' dir='ltr'>huius</span> <span class='ocrx_word' id='word_1_191' title='bbox 687 1618 871 1675; x_wconf 87' lang='lat' dir='ltr'>collegii</span> <span class='ocrx_word' id='word_1_192' title='bbox 900 1618 1109 1672; x_wconf 87' lang='lat' dir='ltr'>ministri,</span> <span class='ocrx_word' id='word_1_193' title='bbox 1142 1618 1219 1673; x_wconf 93' lang='lat' dir='ltr'>qui</span> <span class='ocrx_word' id='word_1_194' title='bbox 1247 1625 1355 1661; x_wconf 88' lang='lat' dir='ltr'>sunt</span> <span class='ocrx_word' id='word_1_195' title='bbox 1384 1616 1613 1673; x_wconf 86' lang='lat' dir='ltr'>permulti,</span> <span class='ocrx_word' id='word_1_196' title='bbox 1645 1631 1749 1659; x_wconf 91' lang='lat' dir='ltr'>cum</span> 
     </span>
     <span class='ocr_line' id='line_1_25' title="bbox 104 1676 1747 1734; baseline -0.003 -12"><span class='ocrx_word' id='word_1_197' title='bbox 104 1679 277 1723; x_wconf 90' lang='lat' dir='ltr'>minore</span> <span class='ocrx_word' id='word_1_198' title='bbox 301 1680 490 1722; x_wconf 87' lang='lat' dir='ltr'>fratrum</span> <span class='ocrx_word' id='word_1_199' title='bbox 522 1678 865 1734; x_wconf 83' lang='lat' dir='ltr'>perturbatione</span> <span class='ocrx_word' id='word_1_200' title='bbox 893 1678 1165 1730; x_wconf 81' lang='lat' dir='ltr'>habitarent3</span> <span class='ocrx_word' id='word_1_201' title='bbox 1199 1685 1442 1732; x_wconf 90' lang='lat' dir='ltr'>antequam</span> <span class='ocrx_word' id='word_1_202' title='bbox 1476 1676 1747 1728; x_wconf 91' lang='lat' dir='ltr'>discederet,</span> 
     </span>
     <span class='ocr_line' id='line_1_26' title="bbox 104 1736 1748 1795; baseline -0.002 -14"><span class='ocrx_word' id='word_1_203' title='bbox 104 1739 228 1783; x_wconf 89' lang='lat' dir='ltr'>dedit</span> <span class='ocrx_word' id='word_1_204' title='bbox 266 1753 451 1795; x_wconf 88' lang='lat' dir='ltr'>operam</span> <span class='ocrx_word' id='word_1_205' title='bbox 482 1745 531 1780; x_wconf 93' lang='lat' dir='ltr'>ut</span> <span class='ocrx_word' id='word_1_206' title='bbox 561 1746 835 1790; x_wconf 88' lang='lat' dir='ltr'>emerentur,</span> <span class='ocrx_word' id='word_1_207' title='bbox 870 1737 1000 1793; x_wconf 89' lang='lat' dir='ltr'>pretii</span> <span class='ocrx_word' id='word_1_208' title='bbox 1028 1745 1155 1794; x_wconf 90' lang='lat' dir='ltr'>parte</span> <span class='ocrx_word' id='word_1_209' title='bbox 1185 1737 1335 1792; x_wconf 90' lang='lat' dir='ltr'>aliqua</span> <span class='ocrx_word' id='word_1_210' title='bbox 1363 1736 1545 1779; x_wconf 89' lang='lat' dir='ltr'>domino</span> <span class='ocrx_word' id='word_1_211' title='bbox 1585 1737 1748 1787; x_wconf 90' lang='lat' dir='ltr'>soluta,</span> 
     </span>
     <span class='ocr_line' id='line_1_27' title="bbox 106 1795 1750 1854; baseline -0.002 -12"><span class='ocrx_word' id='word_1_212' title='bbox 106 1813 241 1854; x_wconf 90' lang='lat' dir='ltr'>quam</span> <span class='ocrx_word' id='word_1_213' title='bbox 264 1798 423 1854; x_wconf 82' lang='lat' dir='ltr'>regina</span> <span class='ocrx_word' id='word_1_214' title='bbox 444 1798 668 1854; x_wconf 88' lang='lat' dir='ltr'>erogauit.</span> <span class='ocrx_word' id='word_1_215' title='bbox 696 1797 1014 1853; x_wconf 83' lang='lat' dir='ltr'>Significatum</span> <span class='ocrx_word' id='word_1_216' title='bbox 1045 1797 1179 1841; x_wconf 85' lang='lat' dir='ltr'>etiam</span> <span class='ocrx_word' id='word_1_217' title='bbox 1209 1796 1340 1839; x_wconf 88' lang='lat' dir='ltr'>nobis</span> <span class='ocrx_word' id='word_1_218' title='bbox 1369 1804 1454 1850; x_wconf 84' lang='lat' dir='ltr'>est,</span> <span class='ocrx_word' id='word_1_219' title='bbox 1488 1811 1567 1851; x_wconf 87' lang='lat' dir='ltr'>per</span> <span class='ocrx_word' id='word_1_220' title='bbox 1595 1795 1750 1839; x_wconf 77' lang='lat' dir='ltr'>literas</span> 
     </span>
     <span class='ocr_line' id='line_1_28' title="bbox 107 1855 1751 1914; baseline -0.003 -12"><span class='ocrx_word' id='word_1_221' title='bbox 107 1857 411 1914; x_wconf 92' lang='lat' dir='ltr'>Olyssippone</span> <span class='ocrx_word' id='word_1_222' title='bbox 434 1857 608 1910; x_wconf 81' lang='lat' dir='ltr'>missaS,</span> <span class='ocrx_word' id='word_1_223' title='bbox 637 1858 785 1901; x_wconf 78' lang='lat' dir='ltr'>Patris</span> <span class='ocrx_word' id='word_1_224' title='bbox 807 1857 982 1901; x_wconf 88' lang='lat' dir='ltr'>Natalis</span> <span class='ocrx_word' id='word_1_225' title='bbox 1000 1859 1202 1901; x_wconf 88' lang='lat' dir='ltr'>aduentu</span> <span class='ocrx_word' id='word_1_226' title='bbox 1221 1857 1426 1900; x_wconf 89' lang='lat' dir='ltr'>eamdem</span> <span class='ocrx_word' id='word_1_227' title='bbox 1445 1855 1649 1911; x_wconf 90' lang='lat' dir='ltr'>reginam</span> <span class='ocrx_word' id='word_1_228' title='bbox 1668 1856 1751 1897; x_wconf 93' lang='lat' dir='ltr'>do-</span> 
     </span>
     <span class='ocr_line' id='line_1_29' title="bbox 106 1914 1749 1973; baseline -0.002 -13"><span class='ocrx_word' id='word_1_229' title='bbox 106 1925 224 1960; x_wconf 91' lang='lat' dir='ltr'>ctam</span> <span class='ocrx_word' id='word_1_230' title='bbox 248 1933 348 1962; x_wconf 89' lang='lat' dir='ltr'>esse</span> <span class='ocrx_word' id='word_1_231' title='bbox 364 1918 421 1962; x_wconf 90' lang='lat' dir='ltr'>de</span> <span class='ocrx_word' id='word_1_232' title='bbox 440 1919 623 1973; x_wconf 90' lang='lat' dir='ltr'>templo,</span> <span class='ocrx_word' id='word_1_233' title='bbox 646 1919 768 1972; x_wconf 91' lang='lat' dir='ltr'>quod</span> <span class='ocrx_word' id='word_1_234' title='bbox 785 1916 1117 1968; x_wconf 88' lang='lat' dir='ltr'>inchoauimus,</span> <span class='ocrx_word' id='word_1_235' title='bbox 1140 1924 1185 1960; x_wconf 91' lang='lat' dir='ltr'>et</span> <span class='ocrx_word' id='word_1_236' title='bbox 1203 1915 1361 1971; x_wconf 88' lang='lat' dir='ltr'>quanti</span> <span class='ocrx_word' id='word_1_237' title='bbox 1380 1916 1545 1959; x_wconf 87' lang='lat' dir='ltr'>referat</span> <span class='ocrx_word' id='word_1_238' title='bbox 1562 1914 1749 1957; x_wconf 88' lang='lat' dir='ltr'>inchoa-</span> 
     </span>
     <span class='ocr_line' id='line_1_30' title="bbox 107 1975 1752 2033; baseline -0.002 -13"><span class='ocrx_word' id='word_1_239' title='bbox 107 1985 202 2020; x_wconf 90' lang='lat' dir='ltr'>tum</span> <span class='ocrx_word' id='word_1_240' title='bbox 233 1977 404 2033; x_wconf 86' lang='lat' dir='ltr'>perfici,</span> <span class='ocrx_word' id='word_1_241' title='bbox 437 1985 482 2021; x_wconf 89' lang='lat' dir='ltr'>et</span> <span class='ocrx_word' id='word_1_242' title='bbox 513 1977 759 2033; x_wconf 88' lang='lat' dir='ltr'>superioris</span> <span class='ocrx_word' id='word_1_243' title='bbox 792 1976 898 2019; x_wconf 90' lang='lat' dir='ltr'>anni</span> <span class='ocrx_word' id='word_1_244' title='bbox 932 1977 1189 2019; x_wconf 88' lang='lat' dir='ltr'>aedificium</span> <span class='ocrx_word' id='word_1_245' title='bbox 1227 1975 1509 2019; x_wconf 89' lang='lat' dir='ltr'>contabulari</span> <span class='ocrx_word' id='word_1_246' title='bbox 1548 1982 1593 2017; x_wconf 90' lang='lat' dir='ltr'>et</span> <span class='ocrx_word' id='word_1_247' title='bbox 1627 1975 1752 2017; x_wconf 92' lang='lat' dir='ltr'>calce</span> 
     </span>
     <span class='ocr_line' id='line_1_31' title="bbox 104 2035 1749 2092; baseline -0.002 -13"><span class='ocrx_word' id='word_1_248' title='bbox 104 2037 362 2089; x_wconf 91' lang='lat' dir='ltr'>incrustari,</span> <span class='ocrx_word' id='word_1_249' title='bbox 389 2044 440 2079; x_wconf 90' lang='lat' dir='ltr'>ut</span> <span class='ocrx_word' id='word_1_250' title='bbox 463 2038 745 2080; x_wconf 89' lang='lat' dir='ltr'>commodam</span> <span class='ocrx_word' id='word_1_251' title='bbox 770 2037 985 2079; x_wconf 86' lang='lat' dir='ltr'>fratribus</span> <span class='ocrx_word' id='word_1_252' title='bbox 1008 2038 1222 2092; x_wconf 87' lang='lat' dir='ltr'>praebeat</span> <span class='ocrx_word' id='word_1_253' title='bbox 1244 2035 1587 2087; x_wconf 83' lang='lat' dir='ltr'>habitationem3</span> <span class='ocrx_word' id='word_1_254' title='bbox 1614 2035 1749 2077; x_wconf 90' lang='lat' dir='ltr'>obse-</span> 
     </span>
     <span class='ocr_line' id='line_1_32' title="bbox 104 2096 1752 2152; baseline -0.003 -12"><span class='ocrx_word' id='word_1_255' title='bbox 104 2103 367 2151; x_wconf 85' lang='lat' dir='ltr'>cratamque</span> <span class='ocrx_word' id='word_1_256' title='bbox 389 2112 489 2141; x_wconf 90' lang='lat' dir='ltr'>esse</span> <span class='ocrx_word' id='word_1_257' title='bbox 512 2104 562 2139; x_wconf 93' lang='lat' dir='ltr'>ut</span> <span class='ocrx_word' id='word_1_258' title='bbox 583 2097 843 2152; x_wconf 88' lang='lat' dir='ltr'>incoeptum</span> <span class='ocrx_word' id='word_1_259' title='bbox 868 2097 1006 2140; x_wconf 90' lang='lat' dir='ltr'>uellet</span> <span class='ocrx_word' id='word_1_260' title='bbox 1028 2096 1209 2139; x_wconf 83' lang='lat' dir='ltr'>iuuare:</span> <span class='ocrx_word' id='word_1_261' title='bbox 1238 2097 1461 2138; x_wconf 86' lang='lat' dir='ltr'>facturam</span> <span class='ocrx_word' id='word_1_262' title='bbox 1484 2109 1533 2138; x_wconf 93' lang='lat' dir='ltr'>se</span> <span class='ocrx_word' id='word_1_263' title='bbox 1562 2108 1752 2150; x_wconf 82' lang='lat' dir='ltr'>respon-</span> 
     </span>
    </p>
   </div>
   <div class='ocr_carea' id='block_1_3' title="bbox 103 2156 1474 2212">
    <p class='ocr_par' dir='ltr' id='par_1_4' title="bbox 103 2156 1474 2212">
     <span class='ocr_line' id='line_1_33' title="bbox 103 2156 1474 2212; baseline -0.002 -12"><span class='ocrx_word' id='word_1_264' title='bbox 103 2157 183 2200; x_wconf 92' lang='lat' dir='ltr'>dit.</span> <span class='ocrx_word' id='word_1_265' title='bbox 211 2157 457 2212; x_wconf 87' lang='lat' dir='ltr'>Speramus</span> <span class='ocrx_word' id='word_1_266' title='bbox 480 2171 572 2199; x_wconf 91' lang='lat' dir='ltr'>non</span> <span class='ocrx_word' id='word_1_267' title='bbox 595 2171 753 2212; x_wconf 87' lang='lat' dir='ltr'>parum</span> <span class='ocrx_word' id='word_1_268' title='bbox 777 2156 882 2200; x_wconf 90' lang='lat' dir='ltr'>inde</span> <span class='ocrx_word' id='word_1_269' title='bbox 906 2171 988 2199; x_wconf 92' lang='lat' dir='ltr'>nos</span> <span class='ocrx_word' id='word_1_270' title='bbox 1012 2171 1112 2200; x_wconf 87' lang='lat' dir='ltr'>esse</span> <span class='ocrx_word' id='word_1_271' title='bbox 1135 2156 1414 2198; x_wconf 89' lang='lat' dir='ltr'>iuuandos...</span> <span class='ocrx_word' id='word_1_272' title='bbox 1447 2156 1474 2197; x_wconf 83' lang='lat'>¹.</span> 
     </span>
    </p>
   </div>
   <div class='ocr_carea' id='block_1_4' title="bbox 103 2224 1753 2986">
    <p class='ocr_par' dir='ltr' id='par_1_5' title="bbox 900 2224 949 2256">
     <span class='ocr_line' id='line_1_34' title="bbox 900 2224 949 2256; baseline 0 0"><span class='ocrx_word' id='word_1_273' title='bbox 900 2224 949 2256; x_wconf 88' lang='grc'>16</span> 
     </span>
    </p>

    <p class='ocr_par' dir='ltr' id='par_1_6' title="bbox 103 2272 1753 2986">
     <span class='ocr_line' id='line_1_35' title="bbox 194 2272 1748 2332; baseline -0.003 -14"><span class='ocrx_word' id='word_1_274' title='bbox 194 2276 269 2318; x_wconf 79' lang='lat' dir='ltr'>Ex</span> <span class='ocrx_word' id='word_1_275' title='bbox 302 2276 384 2317; x_wconf 70' lang='lat' dir='ltr'>litt.</span> <span class='ocrx_word' id='word_1_276' title='bbox 422 2276 653 2331; x_wconf 65' lang='lat' dir='ltr'>quadrim.</span> <span class='ocrx_word' id='word_1_277' title='bbox 679 2275 879 2332; x_wconf 42' lang='lat' dir='ltr'>Joanfnxis</span> <span class='ocrx_word' id='word_1_278' title='bbox 908 2275 1205 2318; x_wconf 69' lang='lat' dir='ltr'>Hemzandez.</span> <span class='ocrx_word' id='word_1_279' title='bbox 1240 2276 1514 2330; x_wconf 58' lang='lat' dir='ltr'>Ulyssipfflze,</span> <span class='ocrx_word' id='word_1_280' title='bbox 1545 2284 1601 2314; x_wconf 80' lang='lat'>22</span> <span class='ocrx_word' id='word_1_281' title='bbox 1631 2272 1748 2327; x_wconf 79' lang='lat' dir='ltr'>Sept.</span> 
     </span>
     <span class='ocr_line' id='line_1_36' title="bbox 109 2335 1753 2391; baseline -0.002 -14"><span class='ocrx_word' id='word_1_282' title='bbox 109 2337 358 2389; x_wconf 75' lang='lat' dir='ltr'><strong><em>156I.—...</em></strong></span> <span class='ocrx_word' id='word_1_283' title='bbox 381 2336 433 2377; x_wconf 85' lang='lat' dir='ltr'>El</span> <span class='ocrx_word' id='word_1_284' title='bbox 450 2335 606 2378; x_wconf 87' lang='lat' dir='ltr'>vltimo</span> <span class='ocrx_word' id='word_1_285' title='bbox 624 2336 680 2378; x_wconf 91' lang='lat' dir='ltr'>de</span> <span class='ocrx_word' id='word_1_286' title='bbox 697 2336 827 2391; x_wconf 90' lang='lat' dir='ltr'>julho</span> <span class='ocrx_word' id='word_1_287' title='bbox 844 2336 981 2391; x_wconf 82' lang='lat' dir='ltr'>lhego</span> <span class='ocrx_word' id='word_1_288' title='bbox 1003 2336 1044 2378; x_wconf 92' lang='lat' dir='ltr'>el</span> <span class='ocrx_word' id='word_1_289' title='bbox 1068 2337 1148 2378; x_wconf 64' lang='lat' dir='ltr'>Pss</span> <span class='ocrx_word' id='word_1_290' title='bbox 1176 2335 1322 2378; x_wconf 89' lang='lat' dir='ltr'>Nadal</span> <span class='ocrx_word' id='word_1_291' title='bbox 1345 2339 1370 2376; x_wconf 80' lang='lat' dir='ltr'>a</span> <span class='ocrx_word' id='word_1_292' title='bbox 1393 2340 1490 2376; x_wconf 90' lang='lat' dir='ltr'>esta</span> <span class='ocrx_word' id='word_1_293' title='bbox 1507 2347 1628 2385; x_wconf 83' lang='lat' dir='ltr'>casa,</span> <span class='ocrx_word' id='word_1_294' title='bbox 1648 2346 1753 2387; x_wconf 39' lang='lat' dir='ltr'>para</span> 
     </span>
     <span class='ocr_line' id='line_1_37' title="bbox 107 2385 1748 2450; baseline -0.002 -13"><span class='ocrx_word' id='word_1_295' title='bbox 107 2395 313 2438; x_wconf 77' lang='lat' dir='ltr'>tiendose</span> <span class='ocrx_word' id='word_1_296' title='bbox 335 2395 391 2438; x_wconf 93' lang='lat' dir='ltr'>de</span> <span class='ocrx_word' id='word_1_297' title='bbox 414 2385 576 2449; x_wconf 78' lang='lat' dir='ltr'>Evora,</span> <span class='ocrx_word' id='word_1_298' title='bbox 601 2396 750 2438; x_wconf 90' lang='lat' dir='ltr'>donde</span> <span class='ocrx_word' id='word_1_299' title='bbox 781 2402 913 2437; x_wconf 92' lang='lat' dir='ltr'>truxo</span> <span class='ocrx_word' id='word_1_300' title='bbox 942 2410 1054 2437; x_wconf 89' lang='lat' dir='ltr'>vnas</span> <span class='ocrx_word' id='word_1_301' title='bbox 1079 2395 1242 2446; x_wconf 85' lang='lat' dir='ltr'>febres,</span> <span class='ocrx_word' id='word_1_302' title='bbox 1269 2400 1432 2450; x_wconf 89' lang='lat' dir='ltr'>puesto</span> <span class='ocrx_word' id='word_1_303' title='bbox 1462 2407 1551 2447; x_wconf 92' lang='lat' dir='ltr'>que</span> <span class='ocrx_word' id='word_1_304' title='bbox 1581 2405 1748 2447; x_wconf 89' lang='lat' dir='ltr'>peque—</span> 
     </span>
     <span class='ocr_line' id='line_1_38' title="bbox 107 2453 1750 2510; baseline -0.002 -14"><span class='ocrx_word' id='word_1_305' title='bbox 107 2456 236 2506; x_wconf 87' lang='lat' dir='ltr'>nhas,</span> <span class='ocrx_word' id='word_1_306' title='bbox 263 2455 329 2496; x_wconf 90' lang='lat' dir='ltr'>las</span> <span class='ocrx_word' id='word_1_307' title='bbox 358 2455 514 2510; x_wconf 90' lang='lat' dir='ltr'>quales</span> <span class='ocrx_word' id='word_1_308' title='bbox 542 2456 713 2510; x_wconf 90' lang='lat' dir='ltr'>lueguo</span> <span class='ocrx_word' id='word_1_309' title='bbox 745 2455 786 2498; x_wconf 92' lang='lat' dir='ltr'>le</span> <span class='ocrx_word' id='word_1_310' title='bbox 809 2455 1020 2498; x_wconf 87' lang='lat' dir='ltr'>dexaron.</span> <span class='ocrx_word' id='word_1_311' title='bbox 1054 2455 1119 2497; x_wconf 88' lang='lat' dir='ltr'>La</span> <span class='ocrx_word' id='word_1_312' title='bbox 1140 2453 1433 2509; x_wconf 69' lang='lat' dir='ltr'>concolaciOn</span> <span class='ocrx_word' id='word_1_313' title='bbox 1460 2467 1490 2508; x_wconf 87' lang='lat' dir='ltr'>y</span> <span class='ocrx_word' id='word_1_314' title='bbox 1513 2457 1750 2494; x_wconf 87' lang='lat' dir='ltr'>contenta—</span> 
     </span>
     <span class='ocr_line' id='line_1_39' title="bbox 106 2511 1752 2569; baseline -0.003 -13"><span class='ocrx_word' id='word_1_315' title='bbox 106 2514 275 2556; x_wconf 90' lang='lat' dir='ltr'>miento</span> <span class='ocrx_word' id='word_1_316' title='bbox 299 2528 388 2568; x_wconf 88' lang='lat' dir='ltr'>que</span> <span class='ocrx_word' id='word_1_317' title='bbox 412 2514 542 2556; x_wconf 88' lang='lat' dir='ltr'>todos</span> <span class='ocrx_word' id='word_1_318' title='bbox 571 2514 821 2568; x_wconf 77' lang='lat' dir='ltr'>recebimos</span> <span class='ocrx_word' id='word_1_319' title='bbox 851 2515 927 2557; x_wconf 77' lang='lat' dir='ltr'>fue</span> <span class='ocrx_word' id='word_1_320' title='bbox 954 2513 1047 2556; x_wconf 89' lang='lat' dir='ltr'>mui</span> <span class='ocrx_word' id='word_1_321' title='bbox 1070 2515 1260 2569; x_wconf 80' lang='lat' dir='ltr'>grande,</span> <span class='ocrx_word' id='word_1_322' title='bbox 1291 2528 1319 2568; x_wconf 86' lang='lat' dir='ltr'>y</span> <span class='ocrx_word' id='word_1_323' title='bbox 1351 2519 1476 2554; x_wconf 88' lang='lat' dir='ltr'>tanto</span> <span class='ocrx_word' id='word_1_324' title='bbox 1506 2517 1677 2566; x_wconf 86' lang='lat' dir='ltr'>quanto</span> <span class='ocrx_word' id='word_1_325' title='bbox 1710 2511 1752 2552; x_wconf 89' lang='lat' dir='ltr'>la</span> 
     </span>
     <span class='ocr_line' id='line_1_40' title="bbox 107 2569 1751 2629; baseline -0.003 -13"><span class='ocrx_word' id='word_1_326' title='bbox 107 2577 243 2616; x_wconf 82' lang='lat' dir='ltr'>razon</span> <span class='ocrx_word' id='word_1_327' title='bbox 266 2573 309 2615; x_wconf 92' lang='lat' dir='ltr'>lo</span> <span class='ocrx_word' id='word_1_328' title='bbox 332 2573 464 2628; x_wconf 86' lang='lat' dir='ltr'>pedia</span> <span class='ocrx_word' id='word_1_329' title='bbox 491 2588 572 2629; x_wconf 89' lang='lat' dir='ltr'>por</span> <span class='ocrx_word' id='word_1_330' title='bbox 595 2581 802 2629; x_wconf 91' lang='lat' dir='ltr'>respecto</span> <span class='ocrx_word' id='word_1_331' title='bbox 825 2574 881 2616; x_wconf 92' lang='lat' dir='ltr'>de</span> <span class='ocrx_word' id='word_1_332' title='bbox 904 2588 957 2616; x_wconf 88' lang='lat' dir='ltr'>su</span> <span class='ocrx_word' id='word_1_333' title='bbox 981 2573 1143 2627; x_wconf 80' lang='lat' dir='ltr'>officio,</span> <span class='ocrx_word' id='word_1_334' title='bbox 1172 2588 1200 2628; x_wconf 91' lang='lat' dir='ltr'>y</span> <span class='ocrx_word' id='word_1_335' title='bbox 1222 2574 1264 2616; x_wconf 94' lang='lat' dir='ltr'>la</span> <span class='ocrx_word' id='word_1_336' title='bbox 1286 2572 1501 2615; x_wconf 87' lang='lat' dir='ltr'>charidad</span> <span class='ocrx_word' id='word_1_337' title='bbox 1530 2585 1613 2613; x_wconf 92' lang='lat' dir='ltr'>nos</span> <span class='ocrx_word' id='word_1_338' title='bbox 1635 2569 1751 2612; x_wconf 84' lang='lat' dir='ltr'>obli-</span> 
     </span>
     <span class='ocr_line' id='line_1_41' title="bbox 105 2632 1750 2689; baseline -0.002 -13"><span class='ocrx_word' id='word_1_339' title='bbox 105 2647 226 2689; x_wconf 86' lang='lat' dir='ltr'>gaua</span> <span class='ocrx_word' id='word_1_340' title='bbox 242 2632 375 2687; x_wconf 86' lang='lat' dir='ltr'>junto</span> <span class='ocrx_word' id='word_1_341' title='bbox 400 2646 485 2674; x_wconf 92' lang='lat' dir='ltr'>con</span> <span class='ocrx_word' id='word_1_342' title='bbox 509 2633 549 2676; x_wconf 90' lang='lat' dir='ltr'>el</span> <span class='ocrx_word' id='word_1_343' title='bbox 573 2633 752 2689; x_wconf 87' lang='lat' dir='ltr'>proprio</span> <span class='ocrx_word' id='word_1_344' title='bbox 777 2635 1006 2688; x_wconf 90' lang='lat' dir='ltr'>prouecho</span> <span class='ocrx_word' id='word_1_345' title='bbox 1025 2632 1256 2687; x_wconf 86' lang='lat' dir='ltr'>espiritual</span> <span class='ocrx_word' id='word_1_346' title='bbox 1276 2647 1364 2686; x_wconf 92' lang='lat' dir='ltr'>que</span> <span class='ocrx_word' id='word_1_347' title='bbox 1382 2632 1494 2674; x_wconf 89' lang='lat' dir='ltr'>cada</span> <span class='ocrx_word' id='word_1_348' title='bbox 1510 2644 1601 2672; x_wconf 87' lang='lat' dir='ltr'>vno</span> <span class='ocrx_word' id='word_1_349' title='bbox 1619 2644 1750 2684; x_wconf 89' lang='lat' dir='ltr'>espe—</span> 
     </span>
     <span class='ocr_line' id='line_1_42' title="bbox 104 2688 1750 2748; baseline -0.003 -13"><span class='ocrx_word' id='word_1_350' title='bbox 104 2707 215 2735; x_wconf 88' lang='lat' dir='ltr'>raua</span> <span class='ocrx_word' id='word_1_351' title='bbox 237 2691 426 2747; x_wconf 75' lang='lat' dir='ltr'>recebir.</span> <span class='ocrx_word' id='word_1_352' title='bbox 453 2693 493 2734; x_wconf 86' lang='lat' dir='ltr'>Y</span> <span class='ocrx_word' id='word_1_353' title='bbox 516 2696 581 2735; x_wconf 80' lang='lat' dir='ltr'>asi</span> <span class='ocrx_word' id='word_1_354' title='bbox 605 2693 703 2745; x_wconf 81' lang='lat' dir='ltr'>fue3</span> <span class='ocrx_word' id='word_1_355' title='bbox 736 2707 907 2748; x_wconf 87' lang='lat' dir='ltr'>porque</span> <span class='ocrx_word' id='word_1_356' title='bbox 930 2693 1125 2747; x_wconf 82' lang='lat' dir='ltr'>despues</span> <span class='ocrx_word' id='word_1_357' title='bbox 1154 2706 1242 2746; x_wconf 92' lang='lat' dir='ltr'>que</span> <span class='ocrx_word' id='word_1_358' title='bbox 1264 2691 1365 2733; x_wconf 85' lang='lat' dir='ltr'>hizo</span> <span class='ocrx_word' id='word_1_359' title='bbox 1394 2692 1588 2746; x_wconf 88' lang='lat' dir='ltr'>algunas</span> <span class='ocrx_word' id='word_1_360' title='bbox 1617 2688 1750 2744; x_wconf 82' lang='lat' dir='ltr'>plati—</span> 
     </span>
     <span class='ocr_line' id='line_1_43' title="bbox 103 2750 1751 2807; baseline -0.002 -13"><span class='ocrx_word' id='word_1_361' title='bbox 103 2766 181 2794; x_wconf 90' lang='lat' dir='ltr'>cas</span> <span class='ocrx_word' id='word_1_362' title='bbox 204 2766 232 2806; x_wconf 92' lang='lat' dir='ltr'>y</span> <span class='ocrx_word' id='word_1_363' title='bbox 257 2755 401 2794; x_wconf 82' lang='lat' dir='ltr'>tracto</span> <span class='ocrx_word' id='word_1_364' title='bbox 430 2766 487 2794; x_wconf 89' lang='lat' dir='ltr'>en</span> <span class='ocrx_word' id='word_1_365' title='bbox 516 2751 773 2807; x_wconf 89' lang='lat' dir='ltr'>particular,</span> <span class='ocrx_word' id='word_1_366' title='bbox 807 2767 855 2796; x_wconf 92' lang='lat' dir='ltr'>se</span> <span class='ocrx_word' id='word_1_367' title='bbox 877 2751 951 2794; x_wconf 83' lang='lat' dir='ltr'>vio</span> <span class='ocrx_word' id='word_1_368' title='bbox 980 2750 1381 2794; x_wconf 82' lang='lat' dir='ltr'>clarissimamente</span> <span class='ocrx_word' id='word_1_369' title='bbox 1411 2751 1452 2794; x_wconf 91' lang='lat' dir='ltr'>el</span> <span class='ocrx_word' id='word_1_370' title='bbox 1485 2750 1631 2791; x_wconf 87' lang='lat' dir='ltr'>fructo</span> <span class='ocrx_word' id='word_1_371' title='bbox 1662 2762 1751 2803; x_wconf 90' lang='lat' dir='ltr'>que</span> 
     </span>
     <span class='ocr_line' id='line_1_44' title="bbox 103 2808 1752 2866; baseline -0.003 -12"><span class='ocrx_word' id='word_1_372' title='bbox 103 2811 240 2854; x_wconf 90' lang='lat' dir='ltr'>todos</span> <span class='ocrx_word' id='word_1_373' title='bbox 254 2811 549 2865; x_wconf 79' lang='lat' dir='ltr'>recebiamos.</span> <span class='ocrx_word' id='word_1_374' title='bbox 577 2813 646 2853; x_wconf 87' lang='lat' dir='ltr'>En</span> <span class='ocrx_word' id='word_1_375' title='bbox 664 2818 885 2866; x_wconf 88' lang='lat' dir='ltr'>quarenta</span> <span class='ocrx_word' id='word_1_376' title='bbox 900 2811 997 2853; x_wconf 85' lang='lat' dir='ltr'>dias</span> <span class='ocrx_word' id='word_1_377' title='bbox 1013 2826 1100 2866; x_wconf 93' lang='lat' dir='ltr'>que</span> <span class='ocrx_word' id='word_1_378' title='bbox 1118 2814 1223 2866; x_wconf 86' lang='lat' dir='ltr'>aqui</span> <span class='ocrx_word' id='word_1_379' title='bbox 1243 2817 1405 2854; x_wconf 85' lang='lat' dir='ltr'>estuuo</span> <span class='ocrx_word' id='word_1_380' title='bbox 1429 2809 1533 2851; x_wconf 85' lang='lat' dir='ltr'>hizo</span> <span class='ocrx_word' id='word_1_381' title='bbox 1558 2808 1752 2863; x_wconf 89' lang='lat' dir='ltr'>siempre</span> 
     </span>
     <span class='ocr_line' id='line_1_45' title="bbox 103 2867 1752 2928; baseline -0.002 -16"><span class='ocrx_word' id='word_1_382' title='bbox 103 2872 294 2912; x_wconf 89' lang='lat' dir='ltr'>muchas</span> <span class='ocrx_word' id='word_1_383' title='bbox 318 2869 520 2925; x_wconf 79' lang='lat' dir='ltr'>platicas,</span> <span class='ocrx_word' id='word_1_384' title='bbox 549 2885 612 2913; x_wconf 91' lang='lat' dir='ltr'>un</span> <span class='ocrx_word' id='word_1_385' title='bbox 634 2871 707 2914; x_wconf 83' lang='lat' dir='ltr'>dia</span> <span class='ocrx_word' id='word_1_386' title='bbox 729 2869 815 2928; x_wconf 46' lang='grc' dir='ltr'>μή,</span> <span class='ocrx_word' id='word_1_387' title='bbox 841 2886 869 2926; x_wconf 89' lang='lat' dir='ltr'>y</span> <span class='ocrx_word' id='word_1_388' title='bbox 892 2878 990 2913; x_wconf 90' lang='lat' dir='ltr'>otro</span> <span class='ocrx_word' id='word_1_389' title='bbox 1014 2885 1088 2922; x_wconf 88' lang='lat' dir='ltr'>no,</span> <span class='ocrx_word' id='word_1_390' title='bbox 1122 2872 1250 2913; x_wconf 85' lang='lat' dir='ltr'>todas</span> <span class='ocrx_word' id='word_1_391' title='bbox 1279 2870 1353 2913; x_wconf 91' lang='lat' dir='ltr'>del</span> <span class='ocrx_word' id='word_1_392' title='bbox 1380 2868 1588 2911; x_wconf 91' lang='lat' dir='ltr'>instituto</span> <span class='ocrx_word' id='word_1_393' title='bbox 1621 2868 1677 2909; x_wconf 90' lang='lat' dir='ltr'>de</span> <span class='ocrx_word' id='word_1_394' title='bbox 1710 2867 1752 2908; x_wconf 92' lang='lat' dir='ltr'>la</span> 
     </span>
     <span class='ocr_line' id='line_1_46' title="bbox 104 2929 1751 2986; baseline -0.003 -12"><span class='ocrx_word' id='word_1_395' title='bbox 104 2931 404 2986; x_wconf 88' lang='lat' dir='ltr'>Companhia,</span> <span class='ocrx_word' id='word_1_396' title='bbox 430 2930 703 2974; x_wconf 86' lang='lat' dir='ltr'>declarando</span> <span class='ocrx_word' id='word_1_397' title='bbox 727 2933 793 2973; x_wconf 86' lang='lat' dir='ltr'>las</span> <span class='ocrx_word' id='word_1_398' title='bbox 815 2931 959 2973; x_wconf 89' lang='lat' dir='ltr'>dudas</span> <span class='ocrx_word' id='word_1_399' title='bbox 984 2946 1012 2986; x_wconf 87' lang='lat' dir='ltr'>y</span> <span class='ocrx_word' id='word_1_400' title='bbox 1036 2929 1213 2973; x_wconf 87' lang='lat' dir='ltr'>tirando</span> <span class='ocrx_word' id='word_1_401' title='bbox 1236 2931 1302 2972; x_wconf 92' lang='lat' dir='ltr'>los</span> <span class='ocrx_word' id='word_1_402' title='bbox 1326 2929 1594 2985; x_wconf 75' lang='lat' dir='ltr'>escrupulos</span> <span class='ocrx_word' id='word_1_403' title='bbox 1617 2942 1644 2983; x_wconf 90' lang='lat' dir='ltr'>y</span> <span class='ocrx_word' id='word_1_404' title='bbox 1670 2940 1751 2969; x_wconf 88' lang='lat' dir='ltr'>en—</span> 
     </span>
    </p>
   </div>
   <div class='ocr_carea' id='block_1_5' title="bbox 181 3026 397 3032">
    <p class='ocr_par' dir='ltr' id='par_1_7' title="bbox 181 3026 397 3032">
     <span class='ocr_line' id='line_1_47' title="bbox 181 3026 397 3032; baseline 0 0"><span class='ocrx_word' id='word_1_405' title='bbox 181 3026 397 3032; x_wconf 95' lang='lat' dir='ltr'> </span> 
     </span>
    </p>
   </div>
   <div class='ocr_carea' id='block_1_6' title="bbox 189 3061 535 3108">
    <p class='ocr_par' dir='ltr' id='par_1_8' title="bbox 189 3061 535 3108">
     <span class='ocr_line' id='line_1_48' title="bbox 189 3061 535 3108; baseline -0.006 -10"><span class='ocrx_word' id='word_1_406' title='bbox 189 3065 197 3084; x_wconf 91' lang='lat'><strong>¹</strong></span> <span class='ocrx_word' id='word_1_407' title='bbox 251 3061 369 3108; x_wconf 86' lang='lat' dir='ltr'>Ibid.,</span> <span class='ocrx_word' id='word_1_408' title='bbox 389 3061 454 3097; x_wconf 85' lang='lat' dir='ltr'>fol.</span> <span class='ocrx_word' id='word_1_409' title='bbox 476 3070 535 3105; x_wconf 87' lang='lat'>50.</span> 
     </span>
    </p>
   </div>
  </div>
 </body>
</html>
