<?xml version="1.0" encoding="UTF-8"?>
<!DOCTYPE html PUBLIC "-//W3C//DTD XHTML 1.0 Transitional//EN"
    "http://www.w3.org/TR/xhtml1/DTD/xhtml1-transitional.dtd">
<html xmlns="http://www.w3.org/1999/xhtml" xml:lang="en" lang="en">
 <head>
  <title>
</title>
<meta http-equiv="Content-Type" content="text/html;charset=utf-8" />
  <meta name='ocr-system' content='tesseract 3.04.00' />
  <meta name='ocr-capabilities' content='ocr_page ocr_carea ocr_par ocr_line ocrx_word'/>
</head>
<body>
  <div class='ocr_page' id='page_1' title='image "./epistolaephieron08nada_0090.png"; bbox 0 0 2038 3313; ppageno 0'>
   <div class='ocr_carea' id='block_1_1' title="bbox 318 193 1372 229">
    <p class='ocr_par' dir='ltr' id='par_1_1' title="bbox 318 193 1372 229">
     <span class='ocr_line' id='line_1_1' title="bbox 318 193 1372 229; baseline 0.002 -3"><span class='ocrx_word' id='word_1_1' title='bbox 318 201 362 227; x_wconf 86' lang='lat'>12</span> <span class='ocrx_word' id='word_1_2' title='bbox 915 193 1082 229; x_wconf 83' lang='lat' dir='ltr'><strong>CHRON.</strong></span> <span class='ocrx_word' id='word_1_3' title='bbox 1111 194 1154 228; x_wconf 87' lang='lat' dir='ltr'>P.</span> <span class='ocrx_word' id='word_1_4' title='bbox 1184 193 1372 228; x_wconf 84' lang='lat' dir='ltr'>NATAL1s</span> 
     </span>
    </p>
   </div>
   <div class='ocr_carea' id='block_1_2' title="bbox 312 293 1976 2050">
    <p class='ocr_par' dir='ltr' id='par_1_2' title="bbox 312 293 1971 736">
     <span class='ocr_line' id='line_1_2' title="bbox 312 293 1971 349; baseline 0.001 -13"><span class='ocrx_word' id='word_1_5' title='bbox 312 301 363 336; x_wconf 91' lang='lat' dir='ltr'>vt</span> <span class='ocrx_word' id='word_1_6' title='bbox 401 293 448 336; x_wconf 90' lang='lat' dir='ltr'>in</span> <span class='ocrx_word' id='word_1_7' title='bbox 488 295 613 338; x_wconf 87' lang='lat' dir='ltr'>Urbe</span> <span class='ocrx_word' id='word_1_8' title='bbox 651 295 866 337; x_wconf 89' lang='lat' dir='ltr'>haberem</span> <span class='ocrx_word' id='word_1_9' title='bbox 905 294 1101 349; x_wconf 79' lang='lat' dir='ltr'>aliquem</span> <span class='ocrx_word' id='word_1_10' title='bbox 1130 309 1378 348; x_wconf 88' lang='lat' dir='ltr'>secessum,</span> <span class='ocrx_word' id='word_1_11' title='bbox 1412 295 1489 337; x_wconf 90' lang='lat' dir='ltr'>vbi</span> <span class='ocrx_word' id='word_1_12' title='bbox 1518 296 1673 338; x_wconf 89' lang='lat' dir='ltr'>darem</span> <span class='ocrx_word' id='word_1_13' title='bbox 1704 295 1814 338; x_wconf 92' lang='lat' dir='ltr'>iuris</span> <span class='ocrx_word' id='word_1_14' title='bbox 1843 295 1971 338; x_wconf 90' lang='lat' dir='ltr'>libris</span> 
     </span>
     <span class='ocr_line' id='line_1_3' title="bbox 314 371 1971 428; baseline 0.001 -14"><span class='ocrx_word' id='word_1_15' title='bbox 314 386 523 427; x_wconf 83' lang='lat' dir='ltr'>operam,</span> <span class='ocrx_word' id='word_1_16' title='bbox 549 378 594 414; x_wconf 90' lang='lat' dir='ltr'>et</span> <span class='ocrx_word' id='word_1_17' title='bbox 624 371 1002 414; x_wconf 75' lang='lat' dir='ltr'>consuetudinem</span> <span class='ocrx_word' id='word_1_18' title='bbox 1033 386 1137 414; x_wconf 92' lang='lat' dir='ltr'>cum</span> <span class='ocrx_word' id='word_1_19' title='bbox 1167 372 1345 428; x_wconf 88' lang='lat' dir='ltr'>Ignatio</span> <span class='ocrx_word' id='word_1_20' title='bbox 1374 373 1589 414; x_wconf 87' lang='lat' dir='ltr'>haberem</span> <span class='ocrx_word' id='word_1_21' title='bbox 1619 379 1664 415; x_wconf 92' lang='lat' dir='ltr'>et</span> <span class='ocrx_word' id='word_1_22' title='bbox 1695 372 1844 423; x_wconf 80' lang='lat' dir='ltr'>sociis,</span> <span class='ocrx_word' id='word_1_23' title='bbox 1872 372 1971 415; x_wconf 91' lang='lat' dir='ltr'>illos</span> 
     </span>
     <span class='ocr_line' id='line_1_4' title="bbox 314 448 1969 504; baseline 0 -12"><span class='ocrx_word' id='word_1_24' title='bbox 314 449 452 492; x_wconf 90' lang='lat' dir='ltr'>etiam</span> <span class='ocrx_word' id='word_1_25' title='bbox 491 448 696 491; x_wconf 88' lang='lat' dir='ltr'>iuuarem</span> <span class='ocrx_word' id='word_1_26' title='bbox 735 448 1056 504; x_wconf 76' lang='lat' dir='ltr'>eleemosynis,</span> <span class='ocrx_word' id='word_1_27' title='bbox 1099 463 1203 491; x_wconf 92' lang='lat' dir='ltr'>cum</span> <span class='ocrx_word' id='word_1_28' title='bbox 1233 449 1319 491; x_wconf 89' lang='lat' dir='ltr'>illis</span> <span class='ocrx_word' id='word_1_29' title='bbox 1349 449 1457 491; x_wconf 89' lang='lat' dir='ltr'>item</span> <span class='ocrx_word' id='word_1_30' title='bbox 1487 448 1755 491; x_wconf 88' lang='lat' dir='ltr'>mulieribus</span> <span class='ocrx_word' id='word_1_31' title='bbox 1790 451 1818 501; x_wconf 87' lang='lat'>¹,</span> <span class='ocrx_word' id='word_1_32' title='bbox 1856 464 1969 504; x_wconf 89' lang='lat' dir='ltr'>quas</span> 
     </span>
     <span class='ocr_line' id='line_1_5' title="bbox 315 525 1969 582; baseline 0.001 -14"><span class='ocrx_word' id='word_1_33' title='bbox 315 526 556 570; x_wconf 77' lang='lat' dir='ltr'>audiebam</span> <span class='ocrx_word' id='word_1_34' title='bbox 594 527 651 568; x_wconf 90' lang='lat' dir='ltr'>ad</span> <span class='ocrx_word' id='word_1_35' title='bbox 689 525 783 568; x_wconf 91' lang='lat' dir='ltr'>diui</span> <span class='ocrx_word' id='word_1_36' title='bbox 813 526 936 569; x_wconf 85' lang='lat' dir='ltr'>Petri</span> <span class='ocrx_word' id='word_1_37' title='bbox 966 526 1122 568; x_wconf 82' lang='lat' dir='ltr'>viuere</span> <span class='ocrx_word' id='word_1_38' title='bbox 1152 526 1371 577; x_wconf 76' lang='lat' dir='ltr'>inclusas,</span> <span class='ocrx_word' id='word_1_39' title='bbox 1405 527 1462 568; x_wconf 91' lang='lat' dir='ltr'>de</span> <span class='ocrx_word' id='word_1_40' title='bbox 1491 527 1628 568; x_wconf 91' lang='lat' dir='ltr'>rebus</span> <span class='ocrx_word' id='word_1_41' title='bbox 1657 526 1969 582; x_wconf 83' lang='lat' dir='ltr'>spiritualibus</span> 
     </span>
     <span class='ocr_line' id='line_1_6' title="bbox 315 602 1969 660; baseline -0.001 -14"><span class='ocrx_word' id='word_1_42' title='bbox 315 617 515 660; x_wconf 82' lang='lat' dir='ltr'>agerem:</span> <span class='ocrx_word' id='word_1_43' title='bbox 543 602 655 645; x_wconf 90' lang='lat' dir='ltr'>nihil</span> <span class='ocrx_word' id='word_1_44' title='bbox 677 604 810 659; x_wconf 91' lang='lat' dir='ltr'>plane</span> <span class='ocrx_word' id='word_1_45' title='bbox 832 603 1078 646; x_wconf 89' lang='lat' dir='ltr'>etiamdum</span> <span class='ocrx_word' id='word_1_46' title='bbox 1109 604 1166 645; x_wconf 85' lang='lat' dir='ltr'>de</span> <span class='ocrx_word' id='word_1_47' title='bbox 1197 603 1406 645; x_wconf 92' lang='lat' dir='ltr'>instituto</span> <span class='ocrx_word' id='word_1_48' title='bbox 1435 602 1556 645; x_wconf 87' lang='lat' dir='ltr'>vitae</span> <span class='ocrx_word' id='word_1_49' title='bbox 1584 605 1824 655; x_wconf 87' lang='lat' dir='ltr'>mutando,</span> <span class='ocrx_word' id='word_1_50' title='bbox 1858 603 1969 646; x_wconf 88' lang='lat' dir='ltr'>nihil</span> 
     </span>
     <span class='ocr_line' id='line_1_7' title="bbox 315 680 830 736; baseline 0 -13"><span class='ocrx_word' id='word_1_51' title='bbox 315 682 375 724; x_wconf 90' lang='lat' dir='ltr'>de</span> <span class='ocrx_word' id='word_1_52' title='bbox 399 680 630 725; x_wconf 88' lang='lat' dir='ltr'>Societate</span> <span class='ocrx_word' id='word_1_53' title='bbox 660 688 830 736; x_wconf 88' lang='lat' dir='ltr'>aperte.</span> 
     </span>
    </p>

    <p class='ocr_par' dir='ltr' id='par_1_3' title="bbox 315 757 1974 1264">
     <span class='ocr_line' id='line_1_8' title="bbox 409 757 1971 814; baseline 0.001 -14"><span class='ocrx_word' id='word_1_54' title='bbox 409 771 480 812; x_wconf 86' lang='lat'>32.</span> <span class='ocrx_word' id='word_1_55' title='bbox 547 760 617 801; x_wconf 90' lang='lat' dir='ltr'>De</span> <span class='ocrx_word' id='word_1_56' title='bbox 638 759 724 800; x_wconf 89' lang='lat' dir='ltr'>hac</span> <span class='ocrx_word' id='word_1_57' title='bbox 747 773 846 800; x_wconf 88' lang='lat' dir='ltr'>mea</span> <span class='ocrx_word' id='word_1_58' title='bbox 868 757 1149 813; x_wconf 86' lang='lat' dir='ltr'>profectione</span> <span class='ocrx_word' id='word_1_59' title='bbox 1172 757 1366 813; x_wconf 88' lang='lat' dir='ltr'>primum</span> <span class='ocrx_word' id='word_1_60' title='bbox 1386 757 1461 813; x_wconf 93' lang='lat' dir='ltr'>egi</span> <span class='ocrx_word' id='word_1_61' title='bbox 1480 757 1724 814; x_wconf 83' lang='lat' dir='ltr'>diligenter</span> <span class='ocrx_word' id='word_1_62' title='bbox 1748 773 1853 801; x_wconf 90' lang='lat' dir='ltr'>cum</span> <span class='ocrx_word' id='word_1_63' title='bbox 1871 772 1971 801; x_wconf 85' lang='lat' dir='ltr'>ere-</span> 
     </span>
     <span class='ocr_line' id='line_1_9' title="bbox 316 834 1973 894; baseline 0 -17"><span class='ocrx_word' id='word_1_64' title='bbox 316 835 448 877; x_wconf 86' lang='lat' dir='ltr'>mita:</span> <span class='ocrx_word' id='word_1_65' title='bbox 476 835 549 877; x_wconf 92' lang='lat' dir='ltr'>hic</span> <span class='ocrx_word' id='word_1_66' title='bbox 574 842 697 878; x_wconf 87' lang='lat' dir='ltr'>totus</span> <span class='ocrx_word' id='word_1_67' title='bbox 720 834 766 876; x_wconf 92' lang='lat' dir='ltr'>in</span> <span class='ocrx_word' id='word_1_68' title='bbox 784 850 882 877; x_wconf 89' lang='lat' dir='ltr'>eam</span> <span class='ocrx_word' id='word_1_69' title='bbox 902 835 1147 886; x_wconf 81' lang='lat' dir='ltr'>ferebatur,</span> <span class='ocrx_word' id='word_1_70' title='bbox 1169 835 1250 877; x_wconf 91' lang='lat' dir='ltr'>sed</span> <span class='ocrx_word' id='word_1_71' title='bbox 1267 834 1510 876; x_wconf 87' lang='lat' dir='ltr'>videbatur</span> <span class='ocrx_word' id='word_1_72' title='bbox 1528 835 1702 878; x_wconf 90' lang='lat' dir='ltr'>moueri</span> <span class='ocrx_word' id='word_1_73' title='bbox 1720 835 1868 892; x_wconf 89' lang='lat' dir='ltr'>magis</span> <span class='ocrx_word' id='word_1_74' title='bbox 1891 834 1973 894; x_wconf 87' lang='lat' dir='ltr'>[ut]</span> 
     </span>
     <span class='ocr_line' id='line_1_10' title="bbox 315 911 1974 969; baseline -0.001 -13"><span class='ocrx_word' id='word_1_75' title='bbox 315 927 407 969; x_wconf 90' lang='lat' dir='ltr'>ego</span> <span class='ocrx_word' id='word_1_76' title='bbox 430 912 626 955; x_wconf 84' lang='lat' dir='ltr'>dicerem</span> <span class='ocrx_word' id='word_1_77' title='bbox 650 926 722 954; x_wconf 89' lang='lat' dir='ltr'>me</span> <span class='ocrx_word' id='word_1_78' title='bbox 745 911 1014 954; x_wconf 87' lang='lat' dir='ltr'>Tridentum</span> <span class='ocrx_word' id='word_1_79' title='bbox 1037 912 1093 953; x_wconf 87' lang='lat' dir='ltr'>ad</span> <span class='ocrx_word' id='word_1_80' title='bbox 1111 911 1354 954; x_wconf 89' lang='lat' dir='ltr'>concilium</span> <span class='ocrx_word' id='word_1_81' title='bbox 1374 912 1623 966; x_wconf 88' lang='lat' dir='ltr'>proficisci:</span> <span class='ocrx_word' id='word_1_82' title='bbox 1645 912 1869 968; x_wconf 81' lang='lat' dir='ltr'>probabat</span> <span class='ocrx_word' id='word_1_83' title='bbox 1885 912 1974 969; x_wconf 91' lang='lat' dir='ltr'>igi—</span> 
     </span>
     <span class='ocr_line' id='line_1_11' title="bbox 319 988 1973 1046; baseline 0 -14"><span class='ocrx_word' id='word_1_84' title='bbox 319 997 394 1032; x_wconf 91' lang='lat' dir='ltr'>tur</span> <span class='ocrx_word' id='word_1_85' title='bbox 415 991 711 1032; x_wconf 86' lang='lat' dir='ltr'>vehementer</span> <span class='ocrx_word' id='word_1_86' title='bbox 733 1004 883 1031; x_wconf 88' lang='lat' dir='ltr'>meum</span> <span class='ocrx_word' id='word_1_87' title='bbox 907 988 1045 1030; x_wconf 90' lang='lat' dir='ltr'>animi</span> <span class='ocrx_word' id='word_1_88' title='bbox 1069 988 1367 1044; x_wconf 83' lang='lat' dir='ltr'>propositum,</span> <span class='ocrx_word' id='word_1_89' title='bbox 1390 996 1439 1030; x_wconf 89' lang='lat' dir='ltr'>vt</span> <span class='ocrx_word' id='word_1_90' title='bbox 1456 989 1626 1032; x_wconf 88' lang='lat' dir='ltr'>diceret</span> <span class='ocrx_word' id='word_1_91' title='bbox 1646 991 1785 1032; x_wconf 89' lang='lat' dir='ltr'>semel</span> <span class='ocrx_word' id='word_1_92' title='bbox 1804 1005 1876 1033; x_wconf 90' lang='lat' dir='ltr'>me</span> <span class='ocrx_word' id='word_1_93' title='bbox 1893 1005 1973 1046; x_wconf 88' lang='lat' dir='ltr'>pro</span> 
     </span>
     <span class='ocr_line' id='line_1_12' title="bbox 318 1065 1972 1110; baseline 0.001 -2"><span class='ocrx_word' id='word_1_94' title='bbox 318 1067 534 1110; x_wconf 87' lang='lat' dir='ltr'>vniuerso</span> <span class='ocrx_word' id='word_1_95' title='bbox 557 1068 666 1109; x_wconf 91' lang='lat' dir='ltr'>orbe</span> <span class='ocrx_word' id='word_1_96' title='bbox 695 1081 789 1108; x_wconf 89' lang='lat' dir='ltr'>non</span> <span class='ocrx_word' id='word_1_97' title='bbox 818 1066 985 1108; x_wconf 87' lang='lat' dir='ltr'>debere</span> <span class='ocrx_word' id='word_1_98' title='bbox 1014 1065 1126 1107; x_wconf 94' lang='lat' dir='ltr'>illud</span> <span class='ocrx_word' id='word_1_99' title='bbox 1154 1066 1238 1108; x_wconf 91' lang='lat' dir='ltr'>iter</span> <span class='ocrx_word' id='word_1_100' title='bbox 1272 1065 1496 1109; x_wconf 88' lang='lat' dir='ltr'>omittere.</span> <span class='ocrx_word' id='word_1_101' title='bbox 1533 1066 1713 1109; x_wconf 81' lang='lat' dir='ltr'>Placuit</span> <span class='ocrx_word' id='word_1_102' title='bbox 1742 1067 1851 1109; x_wconf 91' lang='lat' dir='ltr'>mihi</span> <span class='ocrx_word' id='word_1_103' title='bbox 1880 1082 1972 1110; x_wconf 91' lang='lat' dir='ltr'>non</span> 
     </span>
     <span class='ocr_line' id='line_1_13' title="bbox 318 1142 1971 1200; baseline 0 -14"><span class='ocrx_word' id='word_1_104' title='bbox 318 1144 605 1187; x_wconf 77' lang='lat' dir='ltr'>mediocriter</span> <span class='ocrx_word' id='word_1_105' title='bbox 627 1142 866 1186; x_wconf 80' lang='lat' dir='ltr'>consensio</span> <span class='ocrx_word' id='word_1_106' title='bbox 889 1142 995 1185; x_wconf 90' lang='lat' dir='ltr'>boni</span> <span class='ocrx_word' id='word_1_107' title='bbox 1026 1143 1256 1196; x_wconf 88' lang='lat' dir='ltr'>eremitae,</span> <span class='ocrx_word' id='word_1_108' title='bbox 1290 1158 1424 1198; x_wconf 87' lang='lat' dir='ltr'>quem</span> <span class='ocrx_word' id='word_1_109' title='bbox 1450 1159 1539 1200; x_wconf 92' lang='lat' dir='ltr'>ego</span> <span class='ocrx_word' id='word_1_110' title='bbox 1568 1152 1618 1186; x_wconf 85' lang='lat' dir='ltr'>vt</span> <span class='ocrx_word' id='word_1_111' title='bbox 1647 1152 1857 1187; x_wconf 88' lang='lat' dir='ltr'>sanctum</span> <span class='ocrx_word' id='word_1_112' title='bbox 1887 1146 1971 1187; x_wconf 92' lang='lat' dir='ltr'>ho—</span> 
     </span>
     <span class='ocr_line' id='line_1_14' title="bbox 321 1221 829 1264; baseline -0.004 -1"><span class='ocrx_word' id='word_1_113' title='bbox 321 1221 489 1264; x_wconf 87' lang='lat' dir='ltr'>minem</span> <span class='ocrx_word' id='word_1_114' title='bbox 514 1222 829 1264; x_wconf 87' lang='lat' dir='ltr'>obseruabam.</span> 
     </span>
    </p>

    <p class='ocr_par' dir='ltr' id='par_1_4' title="bbox 317 1297 1976 2050">
     <span class='ocr_line' id='line_1_15' title="bbox 411 1297 1973 1353; baseline 0.001 -12"><span class='ocrx_word' id='word_1_115' title='bbox 411 1312 481 1353; x_wconf 81' lang='lat'>33.</span> <span class='ocrx_word' id='word_1_116' title='bbox 548 1300 652 1341; x_wconf 90' lang='lat' dir='ltr'>Non</span> <span class='ocrx_word' id='word_1_117' title='bbox 691 1297 821 1341; x_wconf 86' lang='lat' dir='ltr'>facile</span> <span class='ocrx_word' id='word_1_118' title='bbox 853 1298 1040 1341; x_wconf 86' lang='lat' dir='ltr'>videbar</span> <span class='ocrx_word' id='word_1_119' title='bbox 1072 1312 1374 1353; x_wconf 86' lang='lat' dir='ltr'>persuasurus</span> <span class='ocrx_word' id='word_1_120' title='bbox 1413 1300 1644 1341; x_wconf 91' lang='lat' dir='ltr'>auunculo</span> <span class='ocrx_word' id='word_1_121' title='bbox 1685 1299 1882 1342; x_wconf 88' lang='lat' dir='ltr'>Moreio:</span> <span class='ocrx_word' id='word_1_122' title='bbox 1923 1306 1973 1341; x_wconf 89' lang='lat' dir='ltr'>vt</span> 
     </span>
     <span class='ocr_line' id='line_1_16' title="bbox 317 1375 1972 1433; baseline 0 -15"><span class='ocrx_word' id='word_1_123' title='bbox 317 1376 460 1433; x_wconf 87' lang='lat' dir='ltr'>igitur</span> <span class='ocrx_word' id='word_1_124' title='bbox 483 1376 607 1432; x_wconf 88' lang='lat' dir='ltr'>prius</span> <span class='ocrx_word' id='word_1_125' title='bbox 637 1375 804 1418; x_wconf 89' lang='lat' dir='ltr'>iudicio</span> <span class='ocrx_word' id='word_1_126' title='bbox 833 1382 878 1418; x_wconf 93' lang='lat' dir='ltr'>et</span> <span class='ocrx_word' id='word_1_127' title='bbox 906 1375 1176 1418; x_wconf 86' lang='lat' dir='ltr'>auctoritate</span> <span class='ocrx_word' id='word_1_128' title='bbox 1199 1376 1462 1428; x_wconf 87' lang='lat' dir='ltr'>niteremur,</span> <span class='ocrx_word' id='word_1_129' title='bbox 1490 1376 1612 1419; x_wconf 90' lang='lat' dir='ltr'>illam</span> <span class='ocrx_word' id='word_1_130' title='bbox 1640 1376 1972 1432; x_wconf 87' lang='lat' dir='ltr'>profectionem</span> 
     </span>
     <span class='ocr_line' id='line_1_17' title="bbox 319 1452 1972 1509; baseline 0.001 -14"><span class='ocrx_word' id='word_1_131' title='bbox 319 1453 525 1509; x_wconf 85' lang='lat' dir='ltr'>persuasi</span> <span class='ocrx_word' id='word_1_132' title='bbox 549 1453 671 1509; x_wconf 90' lang='lat' dir='ltr'>prius</span> <span class='ocrx_word' id='word_1_133' title='bbox 700 1452 880 1507; x_wconf 78' lang='lat' dir='ltr'>Vtrique</span> <span class='ocrx_word' id='word_1_134' title='bbox 902 1453 1167 1496; x_wconf 89' lang='lat' dir='ltr'>maritorum</span> <span class='ocrx_word' id='word_1_135' title='bbox 1190 1453 1229 1505; x_wconf 72' lang='lat'>⁶²,</span> <span class='ocrx_word' id='word_1_136' title='bbox 1256 1454 1462 1496; x_wconf 87' lang='lat' dir='ltr'>laudauit</span> <span class='ocrx_word' id='word_1_137' title='bbox 1493 1453 1731 1496; x_wconf 90' lang='lat' dir='ltr'>consilium</span> <span class='ocrx_word' id='word_1_138' title='bbox 1762 1461 1972 1509; x_wconf 87' lang='lat' dir='ltr'>vterque,</span> 
     </span>
     <span class='ocr_line' id='line_1_18' title="bbox 320 1530 1976 1587; baseline 0.001 -14"><span class='ocrx_word' id='word_1_139' title='bbox 320 1531 403 1573; x_wconf 90' lang='lat' dir='ltr'>sed</span> <span class='ocrx_word' id='word_1_140' title='bbox 426 1532 616 1573; x_wconf 86' lang='lat' dir='ltr'>Iacobus</span> <span class='ocrx_word' id='word_1_141' title='bbox 640 1531 654 1550; x_wconf 72' lang='lat'>³</span> <span class='ocrx_word' id='word_1_142' title='bbox 679 1532 842 1572; x_wconf 87' lang='lat' dir='ltr'>horum</span> <span class='ocrx_word' id='word_1_143' title='bbox 867 1530 1136 1573; x_wconf 88' lang='lat' dir='ltr'>auctoritate</span> <span class='ocrx_word' id='word_1_144' title='bbox 1159 1538 1375 1583; x_wconf 78' lang='lat' dir='ltr'>armatus,</span> <span class='ocrx_word' id='word_1_145' title='bbox 1408 1532 1599 1587; x_wconf 90' lang='lat' dir='ltr'>putabat</span> <span class='ocrx_word' id='word_1_146' title='bbox 1627 1546 1700 1574; x_wconf 91' lang='lat' dir='ltr'>me</span> <span class='ocrx_word' id='word_1_147' title='bbox 1730 1546 1976 1587; x_wconf 87' lang='lat' dir='ltr'>persuasu—</span> 
     </span>
     <span class='ocr_line' id='line_1_19' title="bbox 323 1607 1975 1665; baseline 0.001 -16"><span class='ocrx_word' id='word_1_148' title='bbox 323 1622 423 1649; x_wconf 90' lang='lat' dir='ltr'>rum</span> <span class='ocrx_word' id='word_1_149' title='bbox 448 1607 636 1659; x_wconf 86' lang='lat' dir='ltr'>Moreio,</span> <span class='ocrx_word' id='word_1_150' title='bbox 664 1609 785 1662; x_wconf 90' lang='lat' dir='ltr'>quod</span> <span class='ocrx_word' id='word_1_151' title='bbox 808 1607 910 1650; x_wconf 91' lang='lat' dir='ltr'>illos</span> <span class='ocrx_word' id='word_1_152' title='bbox 933 1607 1131 1650; x_wconf 86' lang='lat' dir='ltr'>sciebam</span> <span class='ocrx_word' id='word_1_153' title='bbox 1155 1609 1276 1663; x_wconf 90' lang='lat' dir='ltr'>apud</span> <span class='ocrx_word' id='word_1_154' title='bbox 1301 1608 1524 1652; x_wconf 90' lang='lat' dir='ltr'>Moreium</span> <span class='ocrx_word' id='word_1_155' title='bbox 1546 1623 1743 1665; x_wconf 90' lang='lat' dir='ltr'>magnae</span> <span class='ocrx_word' id='word_1_156' title='bbox 1760 1623 1861 1652; x_wconf 90' lang='lat' dir='ltr'>esse</span> <span class='ocrx_word' id='word_1_157' title='bbox 1879 1609 1975 1651; x_wconf 86' lang='lat' dir='ltr'>exi-</span> 
     </span>
     <span class='ocr_line' id='line_1_20' title="bbox 321 1685 1975 1742; baseline 0.001 -15"><span class='ocrx_word' id='word_1_158' title='bbox 321 1685 610 1728; x_wconf 87' lang='lat' dir='ltr'>stimationis.</span> <span class='ocrx_word' id='word_1_159' title='bbox 646 1687 818 1728; x_wconf 83' lang='lat' dir='ltr'>Verum</span> <span class='ocrx_word' id='word_1_160' title='bbox 842 1685 954 1727; x_wconf 88' lang='lat' dir='ltr'>nihil</span> <span class='ocrx_word' id='word_1_161' title='bbox 982 1686 1102 1741; x_wconf 87' lang='lat' dir='ltr'>apud</span> <span class='ocrx_word' id='word_1_162' title='bbox 1133 1700 1237 1728; x_wconf 90' lang='lat' dir='ltr'>eum</span> <span class='ocrx_word' id='word_1_163' title='bbox 1266 1686 1414 1741; x_wconf 86' lang='lat' dir='ltr'>potui:</span> <span class='ocrx_word' id='word_1_164' title='bbox 1451 1686 1726 1728; x_wconf 82' lang='lat' dir='ltr'>contradixit</span> <span class='ocrx_word' id='word_1_165' title='bbox 1754 1693 1975 1742; x_wconf 89' lang='lat' dir='ltr'>quantum</span> 
     </span>
     <span class='ocr_line' id='line_1_21' title="bbox 325 1762 1973 1819; baseline 0 -15"><span class='ocrx_word' id='word_1_166' title='bbox 325 1762 491 1818; x_wconf 83' lang='lat' dir='ltr'>potuit⁷</span> <span class='ocrx_word' id='word_1_167' title='bbox 518 1777 652 1817; x_wconf 79' lang='lat' dir='ltr'>quem</span> <span class='ocrx_word' id='word_1_168' title='bbox 677 1777 766 1818; x_wconf 91' lang='lat' dir='ltr'>ego</span> <span class='ocrx_word' id='word_1_169' title='bbox 791 1770 1011 1817; x_wconf 87' lang='lat' dir='ltr'>quantum</span> <span class='ocrx_word' id='word_1_170' title='bbox 1035 1762 1161 1818; x_wconf 92' lang='lat' dir='ltr'>potui</span> <span class='ocrx_word' id='word_1_171' title='bbox 1185 1762 1307 1805; x_wconf 92' lang='lat' dir='ltr'>dulci</span> <span class='ocrx_word' id='word_1_172' title='bbox 1326 1762 1528 1805; x_wconf 88' lang='lat' dir='ltr'>oratione</span> <span class='ocrx_word' id='word_1_173' title='bbox 1545 1764 1725 1819; x_wconf 82' lang='lat' dir='ltr'>placare</span> <span class='ocrx_word' id='word_1_174' title='bbox 1742 1762 1973 1815; x_wconf 79' lang='lat' dir='ltr'>contendi,</span> 
     </span>
     <span class='ocr_line' id='line_1_22' title="bbox 324 1839 1976 1896; baseline -0.001 -14"><span class='ocrx_word' id='word_1_175' title='bbox 324 1854 379 1882; x_wconf 91' lang='lat' dir='ltr'>ac</span> <span class='ocrx_word' id='word_1_176' title='bbox 401 1839 683 1895; x_wconf 88' lang='lat' dir='ltr'>propositum</span> <span class='ocrx_word' id='word_1_177' title='bbox 709 1839 855 1882; x_wconf 86' lang='lat' dir='ltr'>tenui:</span> <span class='ocrx_word' id='word_1_178' title='bbox 877 1841 1131 1896; x_wconf 90' lang='lat' dir='ltr'>probabant</span> <span class='ocrx_word' id='word_1_179' title='bbox 1151 1841 1288 1883; x_wconf 85' lang='lat' dir='ltr'>frater</span> <span class='ocrx_word' id='word_1_180' title='bbox 1305 1843 1350 1882; x_wconf 91' lang='lat' dir='ltr'>et</span> <span class='ocrx_word' id='word_1_181' title='bbox 1368 1840 1567 1883; x_wconf 91' lang='lat' dir='ltr'>sororius</span> <span class='ocrx_word' id='word_1_182' title='bbox 1586 1840 1881 1883; x_wconf 86' lang='lat' dir='ltr'>Caldennius:</span> <span class='ocrx_word' id='word_1_183' title='bbox 1902 1840 1976 1882; x_wconf 91' lang='lat' dir='ltr'>hic</span> 
     </span>
     <span class='ocr_line' id='line_1_23' title="bbox 322 1916 1976 1974; baseline 0.001 -15"><span class='ocrx_word' id='word_1_184' title='bbox 322 1916 505 1959; x_wconf 89' lang='lat' dir='ltr'>ornauit</span> <span class='ocrx_word' id='word_1_185' title='bbox 528 1917 689 1959; x_wconf 88' lang='lat' dir='ltr'>litteris</span> <span class='ocrx_word' id='word_1_186' title='bbox 713 1916 1007 1972; x_wconf 88' lang='lat' dir='ltr'>collybisticis</span> <span class='ocrx_word' id='word_1_187' title='bbox 1030 1925 1080 1959; x_wconf 87' lang='lat' dir='ltr'>vt</span> <span class='ocrx_word' id='word_1_188' title='bbox 1103 1932 1271 1973; x_wconf 89' lang='lat' dir='ltr'>magna</span> <span class='ocrx_word' id='word_1_189' title='bbox 1293 1932 1470 1960; x_wconf 90' lang='lat' dir='ltr'>summa</span> <span class='ocrx_word' id='word_1_190' title='bbox 1491 1917 1686 1974; x_wconf 86' lang='lat' dir='ltr'>pecunia</span> <span class='ocrx_word' id='word_1_191' title='bbox 1715 1919 1729 1938; x_wconf 61' lang='lat' dir='ltr'>s*</span> <span class='ocrx_word' id='word_1_192' title='bbox 1759 1917 1976 1973; x_wconf 89' lang='lat' dir='ltr'>pecunia—</span> 
     </span>
     <span class='ocr_line' id='line_1_24' title="bbox 323 1994 1312 2050; baseline 0.002 -14"><span class='ocrx_word' id='word_1_193' title='bbox 323 2009 423 2036; x_wconf 92' lang='lat' dir='ltr'>rum</span> <span class='ocrx_word' id='word_1_194' title='bbox 451 1994 560 2036; x_wconf 91' lang='lat' dir='ltr'>mihi</span> <span class='ocrx_word' id='word_1_195' title='bbox 583 2002 702 2037; x_wconf 89' lang='lat' dir='ltr'>esset</span> <span class='ocrx_word' id='word_1_196' title='bbox 726 2002 921 2050; x_wconf 84' lang='lat' dir='ltr'>praesto,</span> <span class='ocrx_word' id='word_1_197' title='bbox 948 1995 1025 2037; x_wconf 92' lang='lat' dir='ltr'>vbi</span> <span class='ocrx_word' id='word_1_198' title='bbox 1047 1996 1210 2038; x_wconf 90' lang='lat' dir='ltr'>vellem</span> <span class='ocrx_word' id='word_1_199' title='bbox 1233 1995 1312 2038; x_wconf 81' lang='lat' dir='ltr'>vti.</span> 
     </span>
    </p>
   </div>
   <div class='ocr_carea' id='block_1_3' title="bbox 333 2086 426 2088">
    <p class='ocr_par' dir='ltr' id='par_1_5' title="bbox 333 2086 426 2088">
     <span class='ocr_line' id='line_1_25' title="bbox 333 2086 426 2088; baseline 0 0"><span class='ocrx_word' id='word_1_200' title='bbox 333 2086 426 2088; x_wconf 95' lang='lat' dir='ltr'> </span> 
     </span>
    </p>
   </div>
   <div class='ocr_carea' id='block_1_4' title="bbox 430 2086 596 2088">
    <p class='ocr_par' dir='ltr' id='par_1_6' title="bbox 430 2086 596 2088">
     <span class='ocr_line' id='line_1_26' title="bbox 430 2086 596 2088; baseline 0 0"><span class='ocrx_word' id='word_1_201' title='bbox 430 2086 596 2088; x_wconf 95' lang='lat' dir='ltr'> </span> 
     </span>
    </p>
   </div>
   <div class='ocr_carea' id='block_1_5' title="bbox 322 2120 1980 2996">
    <p class='ocr_par' dir='ltr' id='par_1_7' title="bbox 322 2120 1979 2761">
     <span class='ocr_line' id='line_1_27' title="bbox 397 2120 1979 2167; baseline 0.001 -13"><span class='ocrx_word' id='word_1_202' title='bbox 397 2122 405 2140; x_wconf 94' lang='lat'>¹</span> <span class='ocrx_word' id='word_1_203' title='bbox 460 2120 597 2154; x_wconf 88' lang='lat' dir='ltr'>Sermo</span> <span class='ocrx_word' id='word_1_204' title='bbox 618 2133 705 2155; x_wconf 88' lang='lat' dir='ltr'>esse</span> <span class='ocrx_word' id='word_1_205' title='bbox 726 2121 882 2156; x_wconf 79' lang='lat' dir='ltr'>videtur</span> <span class='ocrx_word' id='word_1_206' title='bbox 901 2121 950 2156; x_wconf 88' lang='lat' dir='ltr'>de</span> <span class='ocrx_word' id='word_1_207' title='bbox 970 2121 1044 2167; x_wconf 89' lang='lat' dir='ltr'>piis</span> <span class='ocrx_word' id='word_1_208' title='bbox 1064 2121 1237 2164; x_wconf 85' lang='lat' dir='ltr'>feminis,</span> <span class='ocrx_word' id='word_1_209' title='bbox 1256 2133 1355 2167; x_wconf 86' lang='lat' dir='ltr'>quae</span> <span class='ocrx_word' id='word_1_210' title='bbox 1376 2121 1539 2156; x_wconf 66' lang='lat' dir='ltr'>Affurate</span> <span class='ocrx_word' id='word_1_211' title='bbox 1559 2122 1602 2155; x_wconf 77' lang='lat' dir='ltr'>di</span> <span class='ocrx_word' id='word_1_212' title='bbox 1619 2122 1659 2155; x_wconf 77' lang='lat' dir='ltr'>S.</span> <span class='ocrx_word' id='word_1_213' title='bbox 1680 2122 1830 2162; x_wconf 78' lang='lat' dir='ltr'>Pietro,</span> <span class='ocrx_word' id='word_1_214' title='bbox 1847 2120 1979 2156; x_wconf 84' lang='lat' dir='ltr'>audie—</span> 
     </span>
     <span class='ocr_line' id='line_1_28' title="bbox 322 2179 1977 2227; baseline 0.001 -14"><span class='ocrx_word' id='word_1_215' title='bbox 322 2181 431 2222; x_wconf 80' lang='lat' dir='ltr'>bant,</span> <span class='ocrx_word' id='word_1_216' title='bbox 452 2179 501 2213; x_wconf 89' lang='lat' dir='ltr'>de</span> <span class='ocrx_word' id='word_1_217' title='bbox 527 2179 670 2225; x_wconf 85' lang='lat' dir='ltr'>quibus</span> <span class='ocrx_word' id='word_1_218' title='bbox 694 2182 791 2214; x_wconf 88' lang='lat' dir='ltr'>haec</span> <span class='ocrx_word' id='word_1_219' title='bbox 817 2180 953 2215; x_wconf 89' lang='lat' dir='ltr'>scribit</span> <span class='ocrx_word' id='word_1_220' title='bbox 979 2182 1151 2215; x_wconf 75' lang='lat' dir='ltr'>MORONI</span> <span class='ocrx_word' id='word_1_221' title='bbox 1179 2180 1218 2215; x_wconf 88' lang='lat' dir='ltr'>in</span> <span class='ocrx_word' id='word_1_222' title='bbox 1243 2180 1508 2226; x_wconf 84' lang='lat' dir='ltr'>descriptione</span> <span class='ocrx_word' id='word_1_223' title='bbox 1536 2180 1672 2227; x_wconf 87' lang='lat' dir='ltr'>templi</span> <span class='ocrx_word' id='word_1_224' title='bbox 1699 2180 1780 2215; x_wconf 87' lang='lat' dir='ltr'>diui</span> <span class='ocrx_word' id='word_1_225' title='bbox 1805 2180 1912 2216; x_wconf 89' lang='lat' dir='ltr'>Petri</span> <span class='ocrx_word' id='word_1_226' title='bbox 1938 2179 1977 2214; x_wconf 88' lang='lat' dir='ltr'>in</span> 
     </span>
     <span class='ocr_line' id='line_1_29' title="bbox 323 2238 1978 2286; baseline 0.001 -14"><span class='ocrx_word' id='word_1_227' title='bbox 323 2238 528 2273; x_wconf 84' lang='lat' dir='ltr'>Vaticano:</span> <span class='ocrx_word' id='word_1_228' title='bbox 552 2240 619 2273; x_wconf 84' lang='lat' dir='ltr'>«In</span> <span class='ocrx_word' id='word_1_229' title='bbox 640 2251 773 2274; x_wconf 83' lang='lat' dir='ltr'>mezzo</span> <span class='ocrx_word' id='word_1_230' title='bbox 792 2252 812 2274; x_wconf 85' lang='lat' dir='ltr'>a</span> <span class='ocrx_word' id='word_1_231' title='bbox 831 2246 972 2286; x_wconf 86' lang='lat' dir='ltr'>questo</span> <span class='ocrx_word' id='word_1_232' title='bbox 990 2240 1202 2283; x_wconf 83' lang='lat' dir='ltr'>corridore,</span> <span class='ocrx_word' id='word_1_233' title='bbox 1223 2252 1243 2274; x_wconf 89' lang='lat' dir='ltr'>e</span> <span class='ocrx_word' id='word_1_234' title='bbox 1264 2239 1394 2274; x_wconf 85' lang='lat' dir='ltr'>vicino</span> <span class='ocrx_word' id='word_1_235' title='bbox 1413 2241 1488 2274; x_wconf 84' lang='lat' dir='ltr'>alle</span> <span class='ocrx_word' id='word_1_236' title='bbox 1513 2245 1649 2274; x_wconf 81' lang='lat' dir='ltr'>stanze</span> <span class='ocrx_word' id='word_1_237' title='bbox 1677 2239 1716 2274; x_wconf 90' lang='lat' dir='ltr'>di</span> <span class='ocrx_word' id='word_1_238' title='bbox 1741 2241 1879 2275; x_wconf 89' lang='lat' dir='ltr'>alcune</span> <span class='ocrx_word' id='word_1_239' title='bbox 1900 2251 1978 2274; x_wconf 89' lang='lat' dir='ltr'>mo-</span> 
     </span>
     <span class='ocr_line' id='line_1_30' title="bbox 322 2298 1977 2346; baseline 0.001 -14"><span class='ocrx_word' id='word_1_240' title='bbox 322 2299 445 2332; x_wconf 84' lang='lat' dir='ltr'>nache</span> <span class='ocrx_word' id='word_1_241' title='bbox 464 2298 572 2333; x_wconf 88' lang='lat' dir='ltr'>dette</span> <span class='ocrx_word' id='word_1_242' title='bbox 592 2299 755 2334; x_wconf 67' lang='lat' dir='ltr'>Murato</span> <span class='ocrx_word' id='word_1_243' title='bbox 774 2301 817 2334; x_wconf 66' lang='lat' dir='ltr'>di</span> <span class='ocrx_word' id='word_1_244' title='bbox 837 2300 876 2334; x_wconf 85' lang='lat' dir='ltr'>S.</span> <span class='ocrx_word' id='word_1_245' title='bbox 901 2301 1039 2335; x_wconf 70' lang='lat' dir='ltr'>Pietro</span> <span class='ocrx_word' id='word_1_246' title='bbox 1058 2301 1173 2343; x_wconf 88' lang='lat' dir='ltr'>(sulle</span> <span class='ocrx_word' id='word_1_247' title='bbox 1192 2299 1296 2346; x_wconf 88' lang='lat' dir='ltr'>quali</span> <span class='ocrx_word' id='word_1_248' title='bbox 1316 2301 1336 2334; x_wconf 81' lang='lat' dir='ltr'>e</span> <span class='ocrx_word' id='word_1_249' title='bbox 1356 2312 1376 2334; x_wconf 83' lang='lat' dir='ltr'>a</span> <span class='ocrx_word' id='word_1_250' title='bbox 1393 2300 1548 2334; x_wconf 82' lang='lat' dir='ltr'>vedersi</span> <span class='ocrx_word' id='word_1_251' title='bbox 1568 2300 1592 2334; x_wconf 92' lang='lat' dir='ltr'>i]</span> <span class='ocrx_word' id='word_1_252' title='bbox 1614 2299 1814 2345; x_wconf 82' lang='lat' dir='ltr'>Garampi,</span> <span class='ocrx_word' id='word_1_253' title='bbox 1832 2300 1977 2334; x_wconf 67' lang='lat' dir='ltr'>Alemo-</span> 
     </span>
     <span class='ocr_line' id='line_1_31' title="bbox 323 2358 1974 2405; baseline 0.001 -14"><span class='ocrx_word' id='word_1_254' title='bbox 323 2358 384 2392; x_wconf 71' lang='lat' dir='ltr'>rie</span> <span class='ocrx_word' id='word_1_255' title='bbox 402 2358 702 2399; x_wconf 67' lang='lat' dir='ltr'>ecclesiasticlae,</span> <span class='ocrx_word' id='word_1_256' title='bbox 723 2370 811 2405; x_wconf 84' lang='lat' dir='ltr'>pag.</span> <span class='ocrx_word' id='word_1_257' title='bbox 834 2359 937 2403; x_wconf 82' lang='lat'>528),</span> <span class='ocrx_word' id='word_1_258' title='bbox 958 2360 991 2394; x_wconf 91' lang='lat' dir='ltr'>si</span> <span class='ocrx_word' id='word_1_259' title='bbox 1016 2371 1214 2394; x_wconf 84' lang='lat' dir='ltr'>venerava</span> <span class='ocrx_word' id='word_1_260' title='bbox 1239 2360 1278 2394; x_wconf 89' lang='lat' dir='ltr'>in</span> <span class='ocrx_word' id='word_1_261' title='bbox 1309 2371 1360 2393; x_wconf 84' lang='lat' dir='ltr'>un</span> <span class='ocrx_word' id='word_1_262' title='bbox 1391 2361 1512 2394; x_wconf 86' lang='lat' dir='ltr'>altare</span> <span class='ocrx_word' id='word_1_263' title='bbox 1545 2359 1568 2394; x_wconf 91' lang='lat' dir='ltr'>i]</span> <span class='ocrx_word' id='word_1_264' title='bbox 1599 2371 1716 2405; x_wconf 90' lang='lat' dir='ltr'>corpo</span> <span class='ocrx_word' id='word_1_265' title='bbox 1748 2359 1786 2393; x_wconf 89' lang='lat' dir='ltr'>di</span> <span class='ocrx_word' id='word_1_266' title='bbox 1815 2359 1855 2394; x_wconf 89' lang='lat' dir='ltr'>S.</span> <span class='ocrx_word' id='word_1_267' title='bbox 1885 2358 1974 2394; x_wconf 85' lang='lat' dir='ltr'>Gio.</span> 
     </span>
     <span class='ocr_line' id='line_1_32' title="bbox 323 2416 1977 2464; baseline 0.001 -14"><span class='ocrx_word' id='word_1_268' title='bbox 323 2416 645 2451; x_wconf 76' lang='lat' dir='ltr'>Grisostonio...»</span> <span class='ocrx_word' id='word_1_269' title='bbox 666 2419 829 2453; x_wconf 70' lang='lat' dir='ltr'>Dizion.</span> <span class='ocrx_word' id='word_1_270' title='bbox 850 2420 893 2453; x_wconf 68' lang='lat' dir='ltr'>di</span> <span class='ocrx_word' id='word_1_271' title='bbox 911 2420 1026 2454; x_wconf 73' lang='lat' dir='ltr'>erud.</span> <span class='ocrx_word' id='word_1_272' title='bbox 1045 2420 1151 2462; x_wconf 59' lang='lat' dir='ltr'>eccl„</span> <span class='ocrx_word' id='word_1_273' title='bbox 1173 2420 1262 2462; x_wconf 83' lang='lat' dir='ltr'>XII,</span> <span class='ocrx_word' id='word_1_274' title='bbox 1284 2429 1366 2464; x_wconf 80' lang='lat'><strong>259.</strong></span> <span class='ocrx_word' id='word_1_275' title='bbox 1387 2421 1448 2454; x_wconf 91' lang='lat' dir='ltr'>De</span> <span class='ocrx_word' id='word_1_276' title='bbox 1466 2419 1526 2453; x_wconf 90' lang='lat' dir='ltr'>his</span> <span class='ocrx_word' id='word_1_277' title='bbox 1552 2419 1670 2454; x_wconf 87' lang='lat' dir='ltr'>etiam</span> <span class='ocrx_word' id='word_1_278' title='bbox 1689 2419 1888 2453; x_wconf 84' lang='lat' dir='ltr'>scribebat</span> <span class='ocrx_word' id='word_1_279' title='bbox 1906 2419 1977 2453; x_wconf 89' lang='lat' dir='ltr'>Po-</span> 
     </span>
     <span class='ocr_line' id='line_1_33' title="bbox 324 2476 1975 2525; baseline 0.002 -15"><span class='ocrx_word' id='word_1_280' title='bbox 324 2477 472 2520; x_wconf 81' lang='lat' dir='ltr'>]ancus‚</span> <span class='ocrx_word' id='word_1_281' title='bbox 494 2476 533 2510; x_wconf 80' lang='lat'>31</span> <span class='ocrx_word' id='word_1_282' title='bbox 557 2476 741 2513; x_wconf 84' lang='lat' dir='ltr'>Octobris</span> <span class='ocrx_word' id='word_1_283' title='bbox 764 2487 867 2522; x_wconf 69' lang='lat'>1547,</span> <span class='ocrx_word' id='word_1_284' title='bbox 888 2480 984 2513; x_wconf 85' lang='lat' dir='ltr'>haec</span> <span class='ocrx_word' id='word_1_285' title='bbox 999 2491 1097 2525; x_wconf 84' lang='lat' dir='ltr'>quae</span> <span class='ocrx_word' id='word_1_286' title='bbox 1117 2484 1348 2525; x_wconf 87' lang='lat' dir='ltr'>sequuntur:</span> <span class='ocrx_word' id='word_1_287' title='bbox 1367 2479 1462 2513; x_wconf 72' lang='lat' dir='ltr'>«Asi</span> <span class='ocrx_word' id='word_1_288' title='bbox 1479 2490 1642 2522; x_wconf 77' lang='lat' dir='ltr'>mesum,</span> <span class='ocrx_word' id='word_1_289' title='bbox 1660 2481 1750 2525; x_wconf 83' lang='lat' dir='ltr'>aqui</span> <span class='ocrx_word' id='word_1_290' title='bbox 1771 2491 1819 2513; x_wconf 90' lang='lat' dir='ltr'>en</span> <span class='ocrx_word' id='word_1_291' title='bbox 1838 2479 1975 2520; x_wconf 80' lang='lat' dir='ltr'>Roma,</span> 
     </span>
     <span class='ocr_line' id='line_1_34' title="bbox 323 2535 1977 2584; baseline 0.002 -15"><span class='ocrx_word' id='word_1_292' title='bbox 323 2535 506 2570; x_wconf 87' lang='lat' dir='ltr'>instando</span> <span class='ocrx_word' id='word_1_293' title='bbox 527 2537 727 2581; x_wconf 76' lang='lat' dir='ltr'>Fernesio,</span> <span class='ocrx_word' id='word_1_294' title='bbox 748 2539 796 2572; x_wconf 84' lang='lat' dir='ltr'>ha</span> <span class='ocrx_word' id='word_1_295' title='bbox 815 2538 1027 2574; x_wconf 86' lang='lat' dir='ltr'>entendido</span> <span class='ocrx_word' id='word_1_296' title='bbox 1047 2539 1104 2584; x_wconf 87' lang='lat' dir='ltr'>[S.</span> <span class='ocrx_word' id='word_1_297' title='bbox 1126 2538 1300 2584; x_wconf 81' lang='lat' dir='ltr'>Ignacio]</span> <span class='ocrx_word' id='word_1_298' title='bbox 1320 2551 1368 2573; x_wconf 89' lang='lat' dir='ltr'>en</span> <span class='ocrx_word' id='word_1_299' title='bbox 1384 2539 1637 2573; x_wconf 80' lang='lat' dir='ltr'>reformation</span> <span class='ocrx_word' id='word_1_300' title='bbox 1657 2539 1777 2573; x_wconf 84' lang='lat' dir='ltr'>delas</span> <span class='ocrx_word' id='word_1_301' title='bbox 1797 2537 1977 2572; x_wconf 81' lang='lat' dir='ltr'>muradas</span> 
     </span>
     <span class='ocr_line' id='line_1_35' title="bbox 322 2594 1977 2644; baseline 0.001 -16"><span class='ocrx_word' id='word_1_302' title='bbox 322 2594 372 2629; x_wconf 86' lang='lat' dir='ltr'>de</span> <span class='ocrx_word' id='word_1_303' title='bbox 393 2595 432 2629; x_wconf 87' lang='lat' dir='ltr'>S.</span> <span class='ocrx_word' id='word_1_304' title='bbox 455 2595 594 2639; x_wconf 87' lang='lat' dir='ltr'>Pedro,</span> <span class='ocrx_word' id='word_1_305' title='bbox 611 2596 832 2641; x_wconf 77' lang='lat' dir='ltr'>ayudando,</span> <span class='ocrx_word' id='word_1_306' title='bbox 849 2599 905 2631; x_wconf 81' lang='lat' dir='ltr'>asi</span> <span class='ocrx_word' id='word_1_307' title='bbox 921 2610 969 2632; x_wconf 91' lang='lat' dir='ltr'>en</span> <span class='ocrx_word' id='word_1_308' title='bbox 985 2598 1210 2632; x_wconf 83' lang='lat' dir='ltr'>ordenarles</span> <span class='ocrx_word' id='word_1_309' title='bbox 1226 2599 1281 2632; x_wconf 85' lang='lat' dir='ltr'>las</span> <span class='ocrx_word' id='word_1_310' title='bbox 1297 2597 1601 2632; x_wconf 86' lang='lat' dir='ltr'>constitutiones</span> <span class='ocrx_word' id='word_1_311' title='bbox 1617 2610 1692 2644; x_wconf 83' lang='lat' dir='ltr'>que</span> <span class='ocrx_word' id='word_1_312' title='bbox 1707 2599 1784 2632; x_wconf 87' lang='lat' dir='ltr'>han</span> <span class='ocrx_word' id='word_1_313' title='bbox 1798 2597 1846 2632; x_wconf 89' lang='lat' dir='ltr'>de</span> <span class='ocrx_word' id='word_1_314' title='bbox 1864 2608 1977 2642; x_wconf 76' lang='lat' dir='ltr'>guar-</span> 
     </span>
     <span class='ocr_line' id='line_1_36' title="bbox 322 2655 1978 2701; baseline 0.002 -13"><span class='ocrx_word' id='word_1_315' title='bbox 322 2655 407 2698; x_wconf 80' lang='lat' dir='ltr'>dar,</span> <span class='ocrx_word' id='word_1_316' title='bbox 427 2666 539 2689; x_wconf 87' lang='lat' dir='ltr'>como</span> <span class='ocrx_word' id='word_1_317' title='bbox 559 2667 607 2689; x_wconf 87' lang='lat' dir='ltr'>en</span> <span class='ocrx_word' id='word_1_318' title='bbox 626 2655 693 2689; x_wconf 84' lang='lat' dir='ltr'>dar</span> <span class='ocrx_word' id='word_1_319' title='bbox 712 2668 829 2701; x_wconf 83' lang='lat' dir='ltr'>cargo</span> <span class='ocrx_word' id='word_1_320' title='bbox 847 2657 896 2692; x_wconf 91' lang='lat' dir='ltr'>de</span> <span class='ocrx_word' id='word_1_321' title='bbox 912 2670 978 2692; x_wconf 82' lang='lat' dir='ltr'>sus</span> <span class='ocrx_word' id='word_1_322' title='bbox 997 2658 1145 2692; x_wconf 73' lang='lat' dir='ltr'>animas</span> <span class='ocrx_word' id='word_1_323' title='bbox 1161 2660 1182 2692; x_wconf 73' lang='lat' dir='ltr'>a</span> <span class='ocrx_word' id='word_1_324' title='bbox 1197 2669 1273 2692; x_wconf 84' lang='lat' dir='ltr'>vno</span> <span class='ocrx_word' id='word_1_325' title='bbox 1289 2658 1412 2692; x_wconf 90' lang='lat' dir='ltr'>delos</span> <span class='ocrx_word' id='word_1_326' title='bbox 1432 2657 1658 2692; x_wconf 83' lang='lat' dir='ltr'>sacerdotes</span> <span class='ocrx_word' id='word_1_327' title='bbox 1677 2658 1725 2692; x_wconf 87' lang='lat' dir='ltr'>de</span> <span class='ocrx_word' id='word_1_328' title='bbox 1741 2669 1900 2692; x_wconf 82' lang='lat' dir='ltr'>casa...»</span> <span class='ocrx_word' id='word_1_329' title='bbox 1920 2657 1978 2691; x_wconf 86' lang='lat' dir='ltr'>Ex</span> 
     </span>
     <span class='ocr_line' id='line_1_37' title="bbox 323 2714 1713 2761; baseline 0.001 -13"><span class='ocrx_word' id='word_1_330' title='bbox 323 2715 552 2760; x_wconf 79' lang='lat' dir='ltr'>archetypo,</span> <span class='ocrx_word' id='word_1_331' title='bbox 573 2714 611 2748; x_wconf 90' lang='lat' dir='ltr'>in</span> <span class='ocrx_word' id='word_1_332' title='bbox 631 2715 757 2761; x_wconf 68' lang='lat' dir='ltr'>Epist.</span> <span class='ocrx_word' id='word_1_333' title='bbox 781 2717 966 2758; x_wconf 68' lang='lat' dir='ltr'>Polanczss,</span> <span class='ocrx_word' id='word_1_334' title='bbox 987 2718 1035 2751; x_wconf 82' lang='lat' dir='ltr'>ab</span> <span class='ocrx_word' id='word_1_335' title='bbox 1052 2730 1149 2751; x_wconf 77' lang='lat' dir='ltr'>ann.</span> <span class='ocrx_word' id='word_1_336' title='bbox 1170 2726 1269 2760; x_wconf 76' lang='lat'><em>1542</em></span> <span class='ocrx_word' id='word_1_337' title='bbox 1288 2718 1342 2751; x_wconf 79' lang='lat' dir='ltr'>ad</span> <span class='ocrx_word' id='word_1_338' title='bbox 1361 2719 1469 2761; x_wconf 75' lang='lat'><em>1570,</em></span> <span class='ocrx_word' id='word_1_339' title='bbox 1492 2716 1558 2750; x_wconf 82' lang='lat' dir='ltr'>fol.</span> <span class='ocrx_word' id='word_1_340' title='bbox 1580 2715 1650 2750; x_wconf 82' lang='lat'>300</span> <span class='ocrx_word' id='word_1_341' title='bbox 1676 2729 1713 2750; x_wconf 86' lang='lat' dir='ltr'>V.</span> 
     </span>
    </p>

    <p class='ocr_par' dir='ltr' id='par_1_8' title="bbox 323 2774 1980 2938">
     <span class='ocr_line' id='line_1_38' title="bbox 395 2774 1980 2822; baseline 0.002 -16"><span class='ocrx_word' id='word_1_342' title='bbox 395 2776 408 2794; x_wconf 74' lang='grc'>“-’</span> <span class='ocrx_word' id='word_1_343' title='bbox 461 2774 537 2807; x_wconf 79' lang='lat' dir='ltr'>Vix</span> <span class='ocrx_word' id='word_1_344' title='bbox 557 2774 635 2818; x_wconf 78' lang='lat' dir='ltr'>legi</span> <span class='ocrx_word' id='word_1_345' title='bbox 655 2776 759 2808; x_wconf 78' lang='lat' dir='ltr'>valet</span> <span class='ocrx_word' id='word_1_346' title='bbox 778 2776 850 2809; x_wconf 89' lang='lat' dir='ltr'>hoc</span> <span class='ocrx_word' id='word_1_347' title='bbox 870 2778 1106 2811; x_wconf 83' lang='lat' dir='ltr'>vocabulum</span> <span class='ocrx_word' id='word_1_348' title='bbox 1126 2788 1218 2822; x_wconf 88' lang='lat' dir='ltr'>prae</span> <span class='ocrx_word' id='word_1_349' title='bbox 1239 2776 1457 2811; x_wconf 79' lang='lat' dir='ltr'>litterarum</span> <span class='ocrx_word' id='word_1_350' title='bbox 1477 2776 1723 2810; x_wconf 87' lang='lat' dir='ltr'>confusione.</span> <span class='ocrx_word' id='word_1_351' title='bbox 1745 2776 1980 2821; x_wconf 83' lang='lat' dir='ltr'>Interpreta-</span> 
     </span>
     <span class='ocr_line' id='line_1_39' title="bbox 323 2833 1979 2880; baseline 0.001 -14"><span class='ocrx_word' id='word_1_352' title='bbox 323 2833 472 2867; x_wconf 76' lang='lat' dir='ltr'>tionem</span> <span class='ocrx_word' id='word_1_353' title='bbox 492 2844 585 2867; x_wconf 87' lang='lat' dir='ltr'>vero</span> <span class='ocrx_word' id='word_1_354' title='bbox 605 2839 777 2867; x_wconf 70' lang='lat' dir='ltr'>nostram</span> <span class='ocrx_word' id='word_1_355' title='bbox 797 2835 961 2869; x_wconf 79' lang='lat' dir='ltr'>suadere</span> <span class='ocrx_word' id='word_1_356' title='bbox 982 2835 1179 2879; x_wconf 84' lang='lat' dir='ltr'>videntur,</span> <span class='ocrx_word' id='word_1_357' title='bbox 1201 2840 1283 2870; x_wconf 88' lang='lat' dir='ltr'>turn</span> <span class='ocrx_word' id='word_1_358' title='bbox 1303 2847 1443 2870; x_wconf 87' lang='lat' dir='ltr'>sensus</span> <span class='ocrx_word' id='word_1_359' title='bbox 1463 2836 1677 2877; x_wconf 83' lang='lat' dir='ltr'>clausulae,</span> <span class='ocrx_word' id='word_1_360' title='bbox 1698 2840 1780 2869; x_wconf 87' lang='lat' dir='ltr'>tum</span> <span class='ocrx_word' id='word_1_361' title='bbox 1801 2846 1860 2878; x_wconf 83' lang='lat' dir='ltr'>ea,</span> <span class='ocrx_word' id='word_1_362' title='bbox 1879 2845 1979 2880; x_wconf 87' lang='lat' dir='ltr'>quae</span> 
     </span>
     <span class='ocr_line' id='line_1_40' title="bbox 325 2891 1524 2938; baseline 0.003 -13"><span class='ocrx_word' id='word_1_363' title='bbox 325 2892 431 2938; x_wconf 81' lang='lat' dir='ltr'>prius</span> <span class='ocrx_word' id='word_1_364' title='bbox 447 2891 603 2937; x_wconf 71' lang='lat' dir='ltr'>scripsit</span> <span class='ocrx_word' id='word_1_365' title='bbox 623 2893 760 2935; x_wconf 73' lang='lat' dir='ltr'>Nadal,</span> <span class='ocrx_word' id='word_1_366' title='bbox 782 2905 819 2927; x_wconf 90' lang='lat' dir='ltr'>n.</span> <span class='ocrx_word' id='word_1_367' title='bbox 846 2902 900 2937; x_wconf 75' lang='lat'>17,</span> <span class='ocrx_word' id='word_1_368' title='bbox 921 2894 969 2928; x_wconf 92' lang='lat' dir='ltr'>de</span> <span class='ocrx_word' id='word_1_369' title='bbox 989 2895 1143 2929; x_wconf 86' lang='lat' dir='ltr'>duobus</span> <span class='ocrx_word' id='word_1_370' title='bbox 1163 2894 1313 2929; x_wconf 86' lang='lat' dir='ltr'>maritis</span> <span class='ocrx_word' id='word_1_371' title='bbox 1334 2906 1524 2929; x_wconf 86' lang='lat' dir='ltr'>sororum.</span> 
     </span>
    </p>

    <p class='ocr_par' dir='ltr' id='par_1_9' title="bbox 398 2951 894 2996">
     <span class='ocr_line' id='line_1_41' title="bbox 398 2951 894 2996; baseline 0.004 -11"><span class='ocrx_word' id='word_1_372' title='bbox 398 2953 411 2969; x_wconf 73' lang='lat'>⁷·</span> <span class='ocrx_word' id='word_1_373' title='bbox 464 2953 531 2985; x_wconf 89' lang='lat' dir='ltr'>Dr.</span> <span class='ocrx_word' id='word_1_374' title='bbox 555 2952 727 2996; x_wconf 79' lang='lat' dir='ltr'>Jacobus</span> <span class='ocrx_word' id='word_1_375' title='bbox 748 2951 894 2987; x_wconf 78' lang='lat' dir='ltr'>Palou?</span> 
     </span>
    </p>
   </div>
   <div class='ocr_carea' id='block_1_6' title="bbox 400 3010 1976 3059">
    <p class='ocr_par' dir='ltr' id='par_1_10' title="bbox 400 3010 1976 3059">
     <span class='ocr_line' id='line_1_42' title="bbox 400 3010 1976 3059; baseline 0.001 -15"><span class='ocrx_word' id='word_1_376' title='bbox 400 3013 410 3031; x_wconf 74' lang='lat'>&#39;¹</span> <span class='ocrx_word' id='word_1_377' title='bbox 461 3010 546 3054; x_wconf 81' lang='lat' dir='ltr'>Sic3</span> <span class='ocrx_word' id='word_1_378' title='bbox 568 3012 639 3045; x_wconf 86' lang='lat' dir='ltr'>hoc</span> <span class='ocrx_word' id='word_1_379' title='bbox 659 3017 789 3045; x_wconf 72' lang='lat' dir='ltr'>autern</span> <span class='ocrx_word' id='word_1_380' title='bbox 812 3014 973 3047; x_wconf 73' lang='lat' dir='ltr'>verbnm</span> <span class='ocrx_word' id='word_1_381' title='bbox 995 3013 1213 3049; x_wconf 83' lang='lat' dir='ltr'>redundare</span> <span class='ocrx_word' id='word_1_382' title='bbox 1229 3013 1399 3057; x_wconf 85' lang='lat' dir='ltr'>videtur,</span> <span class='ocrx_word' id='word_1_383' title='bbox 1420 3014 1495 3048; x_wconf 89' lang='lat' dir='ltr'>nisi</span> <span class='ocrx_word' id='word_1_384' title='bbox 1511 3013 1612 3048; x_wconf 84' lang='lat' dir='ltr'>forte</span> <span class='ocrx_word' id='word_1_385' title='bbox 1628 3013 1714 3059; x_wconf 89' lang='lat' dir='ltr'>quis</span> <span class='ocrx_word' id='word_1_386' title='bbox 1730 3013 1833 3047; x_wconf 89' lang='lat' dir='ltr'>hunc</span> <span class='ocrx_word' id='word_1_387' title='bbox 1848 3013 1976 3046; x_wconf 88' lang='lat' dir='ltr'>locum</span> 
     </span>
    </p>
   </div>
  </div>
 </body>
</html>
