2038 3313
294 203 380 231 xxii
866 194 1112 229 PRAEFATIO
1138 201 1373 229 GENERALIS

293 323 351 329 —-
373 323 431 329 —
453 322 512 328 —
535 297 732 352 Quando
755 304 907 340 autem
932 296 1149 339 nonnulla
1173 295 1217 338 in
1248 303 1375 340 textu
1408 311 1434 339 a
1462 295 1593 339 nobis
1621 295 1943 352 supprimenda

293 375 552 426 videantur,
580 377 663 417 hac
686 373 803 417 serie
825 381 1098 430 punctorum
1106 407 1254 417 ........
1282 373 1599 418 indicabimus

385 453 428 495 6.
494 451 804 507 Scriptionum
832 450 1101 508 compendia
1130 451 1225 494 sive
1257 451 1390 508 sigla,
1423 466 1539 507 quae
1576 450 1622 494 in
1655 450 1889 494 codicibus
1919 466 1945 493 a

296 530 427 573 nobis
450 529 722 585 evulgandis
746 528 1110 584 frequentissime
1133 536 1426 586 usurpantur,
1447 544 1530 572 nos
1548 530 1741 572 enodata
1758 536 1803 572 et
1819 543 1945 572 com-

297 607 422 651 muni
445 621 570 650 more
593 606 760 663 scripta
783 607 1082 663 proferemus,
1108 606 1266 663 paucis
1294 606 1512 663 exceptis,
1546 621 1738 662 quorum
1768 621 1879 649 usus
1901 613 1946 649 et

294 683 568 742 significatio
595 683 806 727 omnibus
837 684 929 727 fere
957 691 1064 727 nota
1092 691 1214 727 sunt.
1248 686 1423 727 Harum
1455 692 1606 727 tamen
1635 691 1845 727 notarum
1875 685 1947 727 vel

295 763 515 819 siglorum
539 762 798 818 catalogum
821 777 926 806 cum
949 777 1107 806 eorum
1130 762 1431 818 explicatione
1454 762 1606 805 statim
1630 762 1854 805 dabimus.

387 851 429 894 7.
496 839 638 884 Uncis
661 839 893 896 quadratis
917 840 930 898 [
953 841 965 898 ]
992 847 1171 883 utemur
1195 855 1275 896 pro
1298 839 1607 883 additionibus
1637 841 1707 883 vel
1731 840 1948 883 emenda—

296 916 495 961 tionibus
517 933 543 960 a
566 917 696 960 nobis
720 917 867 970 factis,
894 917 980 960 nisi
1004 917 1186 961 aliunde
1209 917 1366 961 lectori
1389 933 1416 960 a
1437 917 1568 961 nobis
1593 918 1727 961 talem
1752 913 1947 961 additio-

298 1010 402 1039 nem
436 995 628 1051 positam
659 995 798 1038 fuisse
831 994 1100 1047 constiterit,
1137 1003 1201 1047 ut,
1230 994 1423 1051 exempli
1456 995 1619 1051 gratia,
1652 994 1699 1038 in
1731 994 1946 1046 numeris,

300 1088 414 1129 quos
437 1072 632 1130 singulis
655 1073 952 1129 paragraphis
975 1073 1199 1125 addimus,
1227 1080 1278 1115 ut
1300 1087 1437 1129 supra
1459 1072 1631 1116 dictum
1655 1079 1739 1116 est.

390 1152 433 1194 8.
501 1150 682 1194 Litteris
705 1150 968 1207 majusculis
991 1157 1167 1194 tantum
1192 1158 1372 1194 utemur
1394 1150 1441 1194 in
1463 1150 1723 1194 nominibus
1741 1150 1947 1207 propriis,

301 1228 440 1272 initiis
478 1231 884 1285 paragraphorum,
926 1228 1054 1285 siglis
1093 1228 1381 1284 quibusdam,
1424 1227 1567 1271 titulis
1600 1228 1847 1271 nobilitatis
1880 1229 1951 1271 vel

299 1307 534 1359 librorum,
561 1314 606 1351 et
627 1306 786 1363 paucis
809 1306 907 1350 aliis
929 1322 973 1349 v.
999 1321 1046 1363 g.
1084 1307 1276 1348 Vuestra
1307 1307 1590 1358 Excelencia,
1613 1306 1810 1349 Societas
1826 1306 1952 1364 Jesu,

302 1387 504 1428 Litterae
533 1386 919 1439 Quadrimestres,
942 1392 1030 1428 etc.

393 1479 435 1520 o.
504 1465 553 1506 In
587 1478 665 1506 ora
703 1462 925 1519 superiori
962 1462 1247 1519 singularum
1278 1461 1564 1519 paginarum,
1597 1461 1872 1514 notabimus,
1908 1461 1954 1504 in

304 1540 503 1597 paribus,
536 1542 859 1584 documentum
898 1548 944 1584 et
981 1541 1079 1596 ejus
1117 1554 1357 1583 numerum
1396 1538 1581 1593 ordinis3
1623 1538 1669 1582 in
1707 1539 1953 1596 imparibus

305 1618 439 1670 diem,
467 1633 684 1671 mensem,
711 1625 756 1662 et
779 1634 964 1662 annum.

404 1710 469 1740 10.
538 1697 670 1740 Initio
693 1697 916 1753 cujusque
933 1696 1198 1740 documenti
1221 1711 1302 1740 seu
1320 1696 1537 1752 epistolae
1559 1696 1781 1739 addimus:
1803 1706 1852 1750 a)
1869 1711 1956 1739 nu—

307 1789 480 1818 merum
505 1774 689 1817 ordinis.
717 1776 762 1830 b)
784 1790 951 1818 nomen
974 1774 1172 1818 auctoris
1195 1773 1472 1817 documenti.
1500 1782 1541 1829 c)
1563 1788 1728 1816 nomen
1757 1773 1877 1817 illius
1900 1774 1955 1816 ad

307 1867 442 1908 quem
471 1852 698 1896 scribitur.
726 1853 775 1908 d)
803 1854 973 1906 locum,
1006 1852 1142 1906 diem,
1175 1867 1363 1896 mensen
1391 1860 1436 1895 et
1466 1867 1651 1895 annum.
1685 1858 1728 1906 e)
1756 1866 1956 1895 summa-—

310 1930 444 1984 rium,
475 1932 532 1974 de
560 1945 651 1986 quo
681 1945 832 1987 supra.
860 1932 914 1989 f)
935 1930 1283 1987 descriptionem
1312 1929 1573 1973 documenti
1597 1929 1643 1972 in
1666 1929 1958 1973 annotatione

310 2009 367 2051 ad
391 2009 560 2052 calcem
585 2008 793 2065 paginae3
820 2009 876 2051 de
905 2022 996 2064 qua
1023 2008 1135 2051 illud
1163 2007 1614 2051 animadvertendum
1632 2014 1716 2059 est,
1742 2013 1844 2063 post
1872 2021 1959 2049 nu—

311 2101 485 2130 merum
509 2086 618 2140 folii,
645 2086 691 2129 in
713 2101 804 2141 quo
822 2086 979 2143 incipit
995 2087 1323 2130 documentum
1341 2101 1444 2137 ms.,
1467 2084 1577 2128 alios
1601 2099 1814 2129 numeros
1832 2084 1961 2128 uncis

312 2164 512 2208 inclusos
534 2164 777 2221 designare
799 2164 1033 2220 pristinam
1057 2163 1258 2220 ipsorum
1281 2164 1553 2220 scriptorum
1582 2163 1957 2207 numerationem.

411 2255 477 2285 ΙΙ.
544 2244 595 2285 In
617 2242 708 2285 fine
730 2242 1017 2299 singulorum
1039 2241 1338 2294 voluminum,
1360 2240 1532 2284 indices
1554 2255 1721 2294 rerum,
1747 2255 1962 2297 persona-

314 2335 430 2373 rum,
456 2321 659 2363 locorum
683 2327 728 2363 et
744 2320 1124 2363 documentorum
1148 2319 1372 2362 dabimus.

410 2410 476 2441 12.
543 2399 593 2440 In
616 2396 845 2440 nonnullis
868 2396 1047 2453 scriptis
1076 2396 1257 2453 majoris
1286 2395 1520 2448 momenti,
1552 2411 1596 2438 v,
1618 2410 1666 2452 g.
1697 2396 1741 2438 in
1773 2397 1964 2440 formula

315 2475 608 2532 professionis
648 2477 699 2518 P.
741 2475 909 2528 Nadal,
942 2474 1281 2531 ortographiam
1311 2482 1356 2518 et
1390 2473 1802 2530 interpunctionem
1831 2481 1963 2517 auto—

316 2553 478 2610 graphi
501 2552 685 2596 omnino
708 2553 954 2596 servandas
976 2552 1207 2607 duximus,
1233 2552 1518 2596 discedentes
1535 2553 1620 2594 hac
1638 2551 1683 2594 in
1701 2567 1749 2595 re
1766 2567 1792 2594 a
1808 2566 1965 2595 norma

317 2631 448 2674 nobis
472 2646 552 2688 pro
575 2630 764 2675 caeteris
787 2630 1093 2674 monumentis
1111 2630 1395 2687 praestituta.

413 2721 479 2763 13.
548 2707 638 2753 Ubi
660 2723 767 2751 mss.
795 2709 963 2751 habent
986 2722 1008 2750 e
1030 2723 1134 2751 cum
1158 2707 1285 2764 apice
1303 2706 1554 2764 supposito,
1575 2708 1675 2750 loco
1692 2706 1966 2763 diphthongi

317 2801 368 2829 ae
392 2787 463 2829 vel
485 2801 545 2839 oe,
569 2801 652 2829 nos
675 2785 796 2843 ipsos
818 2784 1131 2841 diphthongos
1154 2800 1206 2828 ae
1229 2786 1301 2829 vel
1323 2799 1371 2828 oe
1394 2784 1661 2828 scribemus.

409 2866 506 2907 Has
535 2864 740 2921 regulas,
774 2869 908 2919 prout
939 2862 1156 2915 diximus,
1199 2862 1480 2906 servabimus
1511 2861 1557 2904 in
1595 2861 1793 2905 editione
1829 2876 1964 2904 manu

319 2940 606 2997 Scriptorum3
633 2955 749 2997 quae
766 2955 874 2984 vero
892 2955 947 2984 ex
966 2940 1176 2997 operibus
1193 2940 1287 2996 jam
1308 2939 1425 2996 typis
1443 2938 1621 2982 excusis
1639 2938 1962 2989 mutuabimur,

320 3032 388 3071 ea,
414 3025 548 3075 prout
571 3018 691 3062 edita
715 3019 914 3071 fuerunt,
941 3032 1023 3061 nos
1045 3017 1180 3061 etiam
1204 3017 1498 3074 proferemus.
