2038 3313
305 188 375 233 756
938 186 1079 224 EPIST.
1106 184 1150 221 P.
1179 184 1331 222 NADAL

301 284 481 329 tutione
502 284 719 341 generale
741 283 779 328 si
808 285 990 327 haueua
1018 282 1064 324 di
1093 283 1362 338 prouedere,
1391 285 1488 325 tum
1510 282 1647 326 etiam
1678 281 1845 338 perche
1881 297 1955 327 es-

299 344 442 388 sendo
479 350 598 387 tutte
635 345 677 387 16
715 357 821 388 cose
858 342 1089 400 pendente
1126 348 1172 385 et
1211 341 1580 395 indeterminate,
1612 356 1705 385 non
1728 343 1789 386 ha
1820 349 1954 386 vsato

300 405 330 446 l’
355 403 552 448 autorita
572 403 619 446 di
641 403 856 460 spingere
878 409 923 446 et
945 402 1162 446 sforzare.

388 465 454 507 Le
476 463 670 506 orationi
692 462 904 518 ordinarij
931 461 977 504 in
1000 475 1106 504 casa
1129 476 1242 504 sono
1265 476 1354 505 vna
1376 464 1504 514 hora,
1530 462 1648 504 vltra
1669 461 1712 504 la
1733 475 1882 505 messa
1906 467 1953 505 et

299 522 508 567 examine
530 524 744 579 generale
766 524 885 566 della
902 521 1197 565 conscientia.
1218 522 1351 565 Delle
1366 522 1496 566 litere
1513 528 1559 564 et
1576 521 1711 564 modo
1727 520 1773 563 di
1795 521 1951 579 legere

296 583 342 625 in
365 582 704 627 chiascheduna
726 584 871 626 classe
893 588 1202 625 exattamente
1224 582 1282 623 ha
1304 582 1464 625 scritto
1485 585 1511 624 a
1534 582 1591 625 V.
1619 582 1673 624 R.
1696 583 1788 625 Μ.Ο
1815 582 1948 623 Han—

298 642 437 695 nibal,
462 650 508 686 et
531 643 653 698 quell
674 642 834 686 ordine
856 641 895 685 si
924 642 1119 684 obserua
1141 642 1318 694 adesso,
1345 641 1391 685 in
1413 647 1585 697 quanto
1607 640 1645 683 si
1672 655 1731 697 po
1763 647 1809 683 et
1836 654 1949 684 con·

302 717 453 746 uiene.

390 761 510 806 Delli
533 760 726 805 orationi
749 761 794 804 di
817 763 875 806 V.
902 763 956 804 R.
984 760 1029 803 di
1060 767 1180 803 tutto
1208 759 1240 802 il
1268 775 1408 804 cuore
1431 759 1492 802 mi
1515 759 1841 813 ricommando,
1873 774 1950 803 ac-

301 821 492 865 chioche
523 821 649 864 Iddio
679 821 740 863 mi
768 821 843 864 dia
871 821 916 864 di
946 820 1115 864 sentire
1143 821 1186 864 la
1222 835 1306 863 sua
1337 828 1495 863 sancta
1528 820 1719 863 uolunta
1751 819 1952 863 sincera-

302 888 454 926 mente
476 888 522 924 et
544 881 799 937 adimplirla
820 881 1171 937 integramente.
1199 881 1366 924 Amen.

391 941 450 984 Di
473 941 690 993 Messina,
717 940 791 983 alli
815 953 872 995 24
894 941 939 983 di
961 941 1224 985 Nouembre
1254 950 1381 995 1551.

677 1003 735 1044 D.
763 1002 820 1044 V.
848 1003 902 1044 R.
929 1000 1132 1057 indegno
1154 1014 1289 1043 seruo
1311 1000 1359 1042 in
1381 999 1588 1052 Christo,

1268 1061 1499 1104 ANTONIO
1532 1060 1708 1103 VINCK.

391 1121 432 1163 A
456 1123 599 1178 tergo,
624 1122 771 1177 ipsius
793 1122 853 1163 P.
890 1121 1030 1163 Vinck
1052 1135 1217 1162 mama:
1240 1119 1269 1178 †
1291 1121 1353 1163 Al
1374 1120 1517 1163 molto
1548 1119 1662 1162 Rdo.
1689 1118 1736 1160 in
1765 1117 1952 1162 Christo

301 1181 465 1233 Padre,
490 1180 522 1222 il
545 1181 692 1225 Padre
714 1187 912 1225 maestro
935 1181 1043 1224 Ioan
1065 1180 1111 1222 di
1129 1181 1330 1223 Polanco
1348 1180 1464 1224 della
1483 1177 1770 1235 Compagnia
1786 1178 1832 1221 di
1849 1179 1951 1222 Iesu

301 1240 348 1282 in
371 1242 528 1283 Roma.

387 1300 496 1343 Alia
517 1315 684 1343 manu:
708 1312 765 1354 24
787 1301 907 1357 9‚bre
937 1311 1064 1355 1551.

393 1359 697 1417 Obsignatam
713 1361 870 1418 fnisse
892 1360 1012 1403 lzcmc
1033 1360 1267 1416 epistolam
1289 1360 1412 1402 clare
1434 1362 1645 1415 appare&
1668 1359 1818 1416 sigilli
1840 1373 1947 1401 vero

300 1420 479 1462 nullum
502 1424 657 1463 manet
677 1422 942 1478 vestigium.

1109 1548 1170 1590 IV

707 1640 921 1682 PATRIS
969 1639 1168 1682 NADAL
1217 1650 1543 1681 PRUDENTIA

793 1730 842 1760 IN
878 1729 1193 1760 SUBDITORUM
1228 1728 1469 1758 REGIMINE

919 1792 1105 1845 Martio,
1149 1803 1258 1847 1552
1297 1794 1324 1834 ¹.

339 1886 479 1921 Patris
497 1884 707 1921 Benedicti
727 1883 887 1919 Palmii
906 1881 1195 1918 tentationibus
1208 1885 1286 1928 per
1310 1882 1364 1917 P.
1397 1881 1634 1917 Cornelium
1668 1881 1898 1917 Wischaven

708 1943 933 1979 remedium
954 1941 1096 1989 efficax
1108 1942 1299 1989 providet
1318 1942 1367 1976 P.
1389 1940 1540 1977 Nadal.

386 2025 503 2067 Cum
527 2021 773 2078 collegium
796 2035 1034 2063 romanum
1058 2027 1179 2064 esset
1201 2019 1481 2072 inchoatum,
1513 2027 1674 2076 postea
1702 2020 1841 2064 fiebat
1871 2034 1946 2064 se-

295 2085 384 2129 mel
406 2099 432 2126 a
456 2085 593 2127 Patre
615 2082 780 2126 Natale
802 2079 973 2125 mentio
1003 2079 1140 2124 etiam
1169 2079 1351 2136 collegii
1381 2078 1632 2136 germanici
1661 2081 1832 2124 Romae
1864 2095 1944 2124 ex-

294 2142 491 2188 truendi:
519 2156 610 2198 quo
632 2141 804 2192 audito,
830 2155 935 2184 curn
958 2155 1127 2196 magna
1149 2139 1432 2195 exultatione
1449 2139 1563 2182 dixit
1583 2142 1719 2183 Pater
1736 2146 1891 2183 noster
1908 2140 1941 2182 ²:

296 2204 387 2247 «Ibi
410 2204 556 2247 debeo
579 2216 695 2254 esse3
722 2200 901 2244 animus
924 2214 1053 2244 meus
1077 2214 1132 2244 eo
1153 2200 1290 2242 volat.
1305 2200 1485 2242 ›>-«Ita
1506 2215 1580 2252 ne,
1607 2199 1754 2255 inquit
1775 2202 1827 2243 P.
1850 2200 1944 2243 Na-

295 2264 413 2317 talis,
440 2270 490 2305 ut
514 2261 649 2304 etiam
672 2260 734 2303 ibi
757 2260 903 2316 possis
926 2259 1065 2302 furari
1090 2258 1314 2302 animas?›>
1343 2258 1430 2302 Cui
1456 2261 1592 2304 Pater
1615 2266 1792 2303 noster:
1818 2260 1945 2315 «Ego

295 2323 358 2366 ibi
389 2323 535 2367 debeo
563 2322 732 2365 habere
761 2327 935 2376 partem
964 2334 1111 2363 meam
1128 2334 1166 2372 »3
1198 2333 1315 2374 quae
1337 2333 1474 2374 quam
1496 2334 1604 2362 vera
1626 2326 1756 2363 erant
1787 2319 1942 2361 futura

295 2389 452 2439 postea
474 2381 624 2425 exitus
646 2379 908 2432 declaravit,
936 2379 1001 2421 uti
1024 2379 1202 2422 dicetur
1224 2393 1308 2422 suo
1330 2379 1445 2422 loco.

385 2444 542 2498 Quum
567 2442 620 2483 P.
647 2439 822 2483 Natalis
839 2446 1034 2482 vocatus
1052 2446 1172 2483 esset
1191 2440 1397 2491 Romam,
1418 2439 1475 2481 ad
1492 2437 1747 2482 faciendam
1764 2438 1945 2493 profes-

296 2502 486 2553 sionem,
520 2507 753 2555 totamque
782 2498 1027 2542 Messinam
1057 2513 1243 2554 prorsus
1275 2498 1519 2542 relicturus
1553 2505 1689 2549 esset,
1727 2504 1836 2539 tunc
1868 2496 1944 2539 illo

294 2570 499 2618 tempore
531 2559 578 2602 in
606 2559 755 2602 carnis
785 2558 929 2614 privio
958 2558 1179 2602 inciderat
1211 2557 1257 2599 in
1294 2560 1345 2600 P.
1384 2557 1683 2602 Benedictum
1718 2555 1943 2600 Palmium

293 2621 447 2678 gravis
471 2619 662 2664 tentatio
683 2619 739 2662 de
757 2618 1090 2674 desperatione,
1112 2624 1157 2662 et
1174 2617 1323 2660 cordis
1341 2617 1635 2670 obscuritate3
1657 2624 1703 2660 et
1725 2615 1943 2672 quicquid

293 2683 460 2738 agebat
483 2681 555 2722 vel
577 2679 758 2722 dicebat
783 2681 834 2721 P.
869 2677 1060 2729 Natalis,
1093 2676 1204 2719 nihil
1233 2692 1339 2720 eum
1369 2676 1527 2720 iuvare
1555 2683 1748 2732 poterat,
1781 2676 1861 2719 sed
1895 2689 1943 2718 se

294 2749 389 2784 tum
413 2743 557 2783 Roma
579 2737 829 2782 remedium
852 2737 1036 2792 aliquod
1059 2736 1335 2792 scripturum
1358 2736 1529 2789 aiebat3
1555 2735 1629 2779 cui
1652 2750 1761 2779 vero
1789 2749 1843 2778 eo
1872 2734 1942 2777 in-

295 2801 483 2844 tervallo
505 2799 632 2841 illum
657 2798 995 2841 commendaret
1018 2796 1276 2853 ignorabat.

382 2861 482 2916 Ipso
506 2862 618 2915 ergo
641 2857 730 2909 die,
757 2871 849 2912 quo
872 2858 925 2900 P.
954 2855 1130 2900 Natalis
1159 2855 1366 2899 abiturus
1396 2870 1565 2911 equum
1594 2855 1938 2906 conscenderat,

369 3002 377 3021 ¹
431 3001 489 3034 Ex
509 3002 747 3054 apographo,
768 3001 807 3055 in
830 3000 924 3035 Cod.
947 3010 1006 3045 25,
1036 3001 1128 3036 Vita
1148 3000 1195 3035 P.
1220 2999 1402 3036 Cornelii
1429 3001 1674 3042 Wischaven,
1692 2999 1758 3035 fol.
1780 2998 1861 3035 238.

366 3050 378 3070 '-'
431 3048 474 3082 P.
496 3047 704 3084 Cornehus
724 3048 980 3084 XVlschaven.
