2038 3313
796 228 1032 262 DECEMBRE
1064 236 1149 272 1551
1453 251 1457 255 -
1732 243 1794 269 121

155 330 290 373 modo
319 330 364 372 di
394 329 599 386 Pariggi,
635 337 680 373 et
707 329 744 372 si
774 324 952 385 capisce
981 344 1068 373 con
1096 331 1138 373 13
1173 330 1319 387 gratia
1349 332 1423 374 del
1462 332 1658 388 Signore
1685 342 1731 377 et
1760 337 1805 379 fa

157 422 272 463 gran
295 409 451 450 frutto.
479 407 605 464 Ogni
628 408 818 450 sabbato
841 409 928 450 alla
949 407 1119 451 matina
1140 408 1178 451 si
1202 410 1246 450 fa
1269 408 1536 464 repetitione
1559 410 1603 452 di
1624 418 1741 454 tutta
1763 413 1806 456 la

158 485 415 537 settimana,
446 493 491 528 et
519 485 637 541 dipoi
676 500 842 541 pranso
870 485 907 528 si
935 485 1132 541 disputa,
1165 487 1299 528 etiam
1331 486 1393 542 gli
1429 488 1728 543 grammatici,
1760 496 1805 532 et

160 563 475 618 respondendo
496 577 603 614 vno,
630 577 656 605 0
679 562 769 615 (101,
796 570 841 606 61
864 564 1228 619 argumentando
1251 563 1315 619 gli
1338 563 1454 606 altri.
1481 565 1669 620 Algune
1685 566 1807 609 volte

159 639 400 682 habbiamo
428 642 600 684 hauute
628 640 808 696 dispute
839 640 1020 696 publice
1048 640 1093 682 di
1122 648 1239 684 tutte
1268 642 1309 684 le
1338 641 1486 693 classi,
1515 643 1610 684 fora
1639 642 1702 698 gli
1731 642 1806 685 doi

158 717 317 772 prime,
343 724 387 760 et
410 718 585 760 (101300
607 717 681 760 (101
704 717 868 774 giomi.
890 718 966 762 Gli
984 718 1177 761 scholari
1194 718 1232 760 si
1254 719 1526 761 confessario
1551 719 1659 775 ogni
1684 735 1806 763 mese

157 809 247 837 vna
268 795 405 837 volta.
435 796 637 838 Vedemo
660 795 796 839 missa
819 795 864 837 in
888 803 1042 838 nostra
1064 795 1233 839 chiesia
1254 795 1364 851 ogni
1387 797 1448 847 di,
1470 803 1515 839 et
1537 797 1684 839 odeno
1702 812 1780 852 pre
1795 823 1806 828 ·

157 871 258 915 dica
281 872 391 928 ogni
414 872 641 915 dominica
663 880 708 916 et
733 874 862 926 festa,
889 881 933 917 et
956 888 1004 916 se
1026 873 1090 929 gli
1112 873 1252 930 legge
1274 873 1384 929 ogni
1413 875 1600 916 venerdi
1633 875 1675 917 13
1703 875 1807 917 (101-

159 949 277 992 11103
301 950 546 992 christiana
569 965 648 1006 per
671 951 734 1007 gli
757 951 949 1008 magiori
972 951 1018 993 in
1040 958 1196 994 nostra
1224 950 1411 1003 chiesia,
1441 952 1560 994 doue
1590 966 1808 995 concorre

157 1028 271 1070 altra
309 1035 464 1084 gente:
496 1043 522 1070 a
551 1028 614 1084 gli
653 1027 697 1073 di
737 1044 894 1072 menor
922 1028 1126 1084 capacita
1163 1028 1200 1071 si
1239 1030 1376 1085 legge
1415 1029 1531 1072 nelle
1564 1029 1697 1072 classi
1734 1030 1808 1072 dal

157 1112 353 1148 10365110
377 1107 489 1157 loro,
516 1106 719 1161 segondo
743 1107 785 1148 13
813 1107 908 1148 1010
932 1106 1148 1162 capacita.
1177 1107 1332 1150 Sonno
1355 1107 1494 1149 molte
1515 1106 1804 1159 ordinationi,

161 1183 202 1226 16
225 1183 345 1237 quali
368 1183 611 1226 habbiamo
634 1183 710 1239 gia
731 1184 869 1227 scrito
893 1199 918 1227 a
940 1185 996 1227 V.
1028 1186 1077 1227 P.
1111 1186 1137 1226 ¹.

253 1273 294 1315 3.
366 1260 442 1304 Gli
465 1261 683 1304 essercitii
707 1261 926 1317 spirituali
950 1276 1110 1313 sonno,
1137 1261 1342 1317 predicar
1370 1261 1479 1317 ogni
1507 1261 1733 1305 dominica
1761 1268 1808 1305 et

160 1338 274 1381 festa
298 1337 340 1380 in
373 1346 528 1380 nostra
556 1338 741 1390 chiesia,
774 1353 860 1381 con
889 1354 1004 1395 gran
1033 1354 1253 1382 concorso
1280 1346 1324 1382 et
1353 1339 1671 1391 satisfattione,
1702 1346 1747 1382 et
1769 1339 1807 1382 si

159 1415 297 1471 legge
321 1416 369 1459 S.
398 1416 541 1458 Paulo
559 1416 677 1458 nella
694 1416 861 1459 chiesia
878 1416 1097 1472 magiore‚
1118 1424 1179 1469 et,
1200 1418 1317 1459 vltra
1333 1417 1378 1459 cli
1396 1424 1574 1472 questo,
1600 1432 1625 1459 3
1647 1431 1807 1459 mona-

159 1491 284 1535 sterii
314 1492 358 1534 di
389 1495 611 1535 monache
640 1492 677 1535 si
706 1494 903 1549 predica,
936 1501 981 1536 et
1008 1493 1054 1536 in
1083 1509 1173 1537 vna
1201 1495 1371 1537 forteza
1399 1495 1484 1537 che
1512 1509 1657 1536 sonno
1680 1494 1807 1536 molti

159 1569 321 1613 soldati
344 1584 431 1612 con
455 1570 637 1622 familie3
663 1578 709 1614 et
731 1573 925 1614 hauemo
948 1573 1147 1614 anchora
1169 1571 1326 1614 ordine
1343 1571 1388 1613 di
1411 1570 1617 1627 predicar
1633 1578 1678 1613 et
1696 1585 1808 1613 con-

158 1647 277 1690 solar
305 1646 368 1702 gli
398 1648 632 1701 carcerati,
663 1656 708 1691 et
736 1648 774 1691 si
803 1650 848 1692 fa
877 1651 1075 1692 anchora
1102 1665 1163 1691 vn
1192 1649 1423 1692 essercitio
1452 1650 1536 1692 che
1564 1648 1808 1691 habbiamo

159 1725 349 1779 probato
383 1739 455 1767 ser
488 1725 533 1767 di
567 1726 707 1768 1111110
736 1725 781 1768 (11
809 1727 950 1769 311(131
977 1726 1134 1783 alguni
1172 1726 1218 1768 in
1256 1727 1356 1769 loco
1393 1726 1438 1769 di
1467 1726 1620 1782 spacio
1648 1741 1728 1782 per
1765 1727 1808 1769 13

161 1808 295 1854 16113,
321 1810 366 1844 61
389 1803 508 1845 (1006
536 1802 573 1845 51
604 1804 718 1846 vede
746 1804 916 1859 alguna
945 1812 1099 1860 gente,
1132 1803 1168 1846 si
1198 1803 1449 1846 misculano
1478 1803 1541 1860 gli
1571 1803 1729 1856 nostri,
1762 1812 1808 1846 et

159 1879 426 1923 comincano
455 1895 480 1923 a
508 1895 780 1924 conuersare
808 1889 853 1924 et
875 1881 1154 1937 exhortargli
1177 1896 1262 1924 600
1293 1881 1464 1924 charita
1488 1897 1513 1924 3
1534 1881 1740 1936 spiritual
1761 1889 1806 1923 et

158 1957 407 1999 christiano
419 1957 564 2011 viuer,
579 1958 737 2001 visitar
754 1960 783 2000 l'
798 1959 1037 2015 hospitale,
1053 1967 1098 2002 et
1116 1960 1350 2002 confessas
1366 1958 1547 2002 amalati
1565 1958 1610 2000 di
1626 1958 1807 2002 diuerse

158 2034 328 2090 lingue.
353 2036 416 2078 Le
438 2036 711 2078 confessioni
730 2051 875 2079 sonno
892 2036 1117 2079 ordinarie
1134 2036 1179 2078 in
1198 2051 1312 2092 gran
1330 2051 1536 2087 numero,
1558 2043 1602 2078 et
1620 2037 1662 2078 16
1679 2050 1806 2078 com—

159 2111 360 2154 munioni
384 2113 536 2155 molte.
564 2112 612 2157 Si
635 2114 786 2156 danno
810 2116 970 2166 anche,
997 2129 1124 2157 come
1147 2116 1206 2156 ho
1229 2115 1372 2167 detto,
1398 2113 1632 2165 essercitii,
1653 2120 1741 2156 etc.
1768 2115 1806 2155 E

158 2189 428 2241 necessario,
457 2190 619 2243 Padre,
646 2191 712 2234 sia
734 2191 1033 2234 determinato
1056 2193 1086 2233 l’
1111 2191 1269 2235 ordine
1297 2191 1342 2234 di
1373 2191 1524 2247 quiete
1552 2191 1803 2246 corporale,

158 2269 205 2308 vt
219 2268 453 2322 possimus
475 2268 718 2310 subsistere
740 2273 780 2311 et
801 2270 1030 2327 sufferre,
1055 2270 1232 2312 benche
1254 2269 1495 2312 habbiamo
1526 2268 1631 2310 tutti
1660 2267 1805 2323 speri—

158 2350 359 2386 mentato
382 2345 520 2388 molte
542 2345 733 2402 magiori
756 2347 880 2389 forze
902 2348 986 2389 che
1009 2348 1134 2388 nullo
1155 2346 1381 2390 iudicaua:
1408 2345 1455 2388 in
1478 2352 1597 2388 tutto
1615 2344 1682 2388 sia
1703 2346 1803 2401 glo—

159 2419 333 2464 rificato
355 2421 386 2464 il
408 2421 604 2478 Signore
626 2430 781 2466 nostro
805 2424 854 2465 z'n
877 2425 1043 2466 secula.

247 2511 290 2552 4.
325 2500 360 2541 Il
386 2499 674 2555 particulare.
708 2500 767 2544 Di
797 2515 952 2544 nuouo
981 2508 1142 2557 questo
1174 2503 1382 2557 hyuerno
1409 2501 1447 2544 si
1475 2503 1535 2544 ha
1573 2502 1684 2544 fatta
1714 2515 1805 2542 vna

157 2576 301 2620 classe
323 2564 368 2618 (11
391 2577 703 2633 grammatica,
728 2586 774 2621 et
796 2579 914 2621 nella
936 2579 1079 2621 classe
1102 2578 1147 2620 di
1163 2579 1399 2622 humanita
1416 2578 1453 2621 si
1469 2581 1528 2634 ha
1546 2577 1804 2621 comincato

154 2669 182 2697 3
203 2654 364 2710 legger
387 2670 477 2698 vna
498 2654 634 2709 licion
656 2655 701 2697 di
724 2670 862 2712 greco
881 2656 954 2699 alli
977 2656 1153 2699 classici
1177 2657 1210 2708 ²,
1230 2659 1276 2698 vt
1298 2657 1646 2712 coniungantur
1657 2669 1801 2712 greca

157 2732 328 2782 latinis;
352 2732 489 2788 legge
512 2731 542 2774 il
565 2733 810 2776 medesimo
833 2741 1045 2787 maestro;
1071 2734 1223 2776 danno
1246 2733 1319 2776 doi
1342 2740 1469 2789 parte
1491 2733 1564 2775 del
1587 2740 1737 2787 tempo
1760 2732 1802 2774 al

156 2807 313 2860 latino,
340 2816 385 2851 et
406 2824 496 2852 vna
518 2810 559 2852 31
582 2824 733 2866 greco.
762 2812 891 2854 Vltra
913 2810 957 2853 di
981 2818 1158 2866 questo,
1190 2810 1228 2853 si
1257 2811 1393 2867 legge
1416 2811 1529 2853 altra
1557 2809 1693 2864 licion
1715 2824 1801 2864 pu—

231 2996 239 3014 ¹
293 2994 353 3028 De
368 2994 428 3028 his
447 2994 601 3040 plenius
622 2994 792 3029 Annibal
812 2995 859 3029 de
879 2995 1094 3041 Coudreto,
1117 2996 1211 3030 Litt.
1234 2996 1470 3040 Quadrim„
1493 2995 1525 3040 Ι,
1545 2992 1716 3039 349-358.

231 3054 243 3070 ²
294 3054 383 3100 Ms.,
401 3055 570 3090 clacissi.
