2038 3313
259 186 342 214 xxx
885 178 1064 214 No‘ri‘rlA
1091 185 1280 214 CODICUM

316 275 320 279 ⁴
347 281 565 326 Continet
594 282 760 324 multos
793 281 974 324 codices
1007 282 1299 338 archetypos,
1333 279 1646 337 frequentibus
1683 279 1830 324 Nadal
1858 287 1903 323 et

257 360 443 404 Polanci
472 358 864 403 emendationibus
892 359 1156 416 castigatos,
1187 359 1233 401 in
1262 359 1427 416 quibus
1456 365 1612 401 extant
1639 358 1904 401 instructio—

256 453 337 481 nes
360 454 384 482 a
409 439 545 481 Patre
567 438 713 481 Nadal
736 436 781 479 in
803 451 883 479 sua
907 436 1167 480 visitatione
1183 438 1312 480 datas
1331 436 1534 493 collegiis
1551 436 1780 492 Dilingae,
1802 435 1903 479 Mo-

255 515 420 569 nachii,
446 516 704 571 Augustae,
732 514 1014 571 Ingolstadii,
1042 515 1317 571 Herbipolis,
1345 513 1633 571 Moguntiae,
1666 514 1902 557 Vindobo-

254 608 354 647 nae,
381 592 613 644 Coloniae,
636 592 848 644 Treviris,
874 591 1107 645 Dionanti,
1135 592 1339 645 Lovanii,
1366 599 1410 635 et
1429 591 1638 635 Tornaci.
1662 592 1903 634 Accedunt

253 672 383 727 plura
405 669 575 713 monita
592 676 637 712 et
658 670 932 713 documenta
950 669 1193 727 provinciis
1211 669 1500 724 Germaniae,
1522 668 1686 725 Belgii,
1707 668 1899 721 Galliae,

252 763 500 803 earumque
523 747 891 805 provincialibus,
924 755 969 791 et
997 747 1265 800 rectoribus,
1307 748 1402 791 sive
1425 762 1505 804 pro
1533 748 1654 790 bono
1680 746 1903 803 regimine

253 826 617 878 universitatum,
644 825 936 869 convictuum
962 833 1007 870 et
1029 826 1285 869 scholarum
1304 825 1411 882 ipsis
1428 824 1786 875 commissarum,
1807 823 1903 866 sive

253 919 333 960 pro
355 903 517 960 spiritu
540 903 784 948 Societatis
802 904 847 946 in
865 903 1060 947 subditis
1080 904 1291 957 fovendo,
1314 902 1409 946 sive
1427 917 1508 959 pro
1525 901 1759 946 catholicis
1777 901 1902 958 prin-

252 981 444 1039 cipibus,
470 981 660 1037 aliisque
682 981 729 1024 in
752 981 838 1024 illis
862 981 1129 1037 regionibus
1146 980 1378 1037 juvandis.
1408 983 1594 1024 Praeter
1616 982 1728 1022 haec
1753 979 1901 1022 Patris

253 1059 398 1103 Nadal
419 1059 712 1111 documenta,
739 1066 894 1103 extant
917 1058 963 1101 in
987 1061 1073 1102 hoc
1095 1058 1255 1102 codice
1271 1059 1402 1115 plura
1424 1072 1640 1115 responsa
1662 1064 1707 1100 et
1730 1056 1900 1100 instru-

251 1137 424 1181 ctiones
450 1139 501 1180 P.
529 1136 762 1180 Laurentii
794 1136 950 1193 Magii,
977 1136 1268 1192 provincialis
1292 1136 1507 1180 Austriae
1528 1135 1665 1178 variis
1696 1134 1900 1190 collegiis

252 1215 449 1259 relictae.
477 1217 665 1258 Praeter
688 1215 834 1258 Nadal
858 1222 903 1258 et
929 1215 1119 1258 Polanci
1142 1216 1443 1272 autographa,
1470 1221 1720 1257 cernuntur
1742 1213 1788 1255 in
1810 1214 1900 1255 hoc

253 1293 410 1336 codice
433 1294 562 1349 plura
584 1292 822 1348 utriusque
844 1292 1031 1345 Canisii,
1058 1292 1356 1348 aliorumque.

342 1370 430 1414 Hic
453 1371 598 1414 codex
621 1370 683 1413 ita
706 1370 996 1414 indicabitur:
1026 1371 1182 1414 Natal.
1211 1372 1347 1413 instr.
1381 1371 1537 1414 Ger-m.

957 1490 1139 1530 Codex
1171 1490 1203 1529 ἵ

342 1605 523 1649 Titulus
561 1620 587 1649 a
630 1613 759 1661 tergo
787 1604 908 1647 libri:
955 1605 1143 1648 «HIER.
1186 1605 1459 1648 NATALIS
1488 1602 1493 1661 Ι
1522 1604 1848 1648 INSTRUCT.
1897 1604 1901 1661 Ι

253 1684 387 1727 MSS.
401 1685 566 1726 »—Est
582 1684 795 1726 volumen
814 1682 859 1725 in
877 1685 956 1736 4⁰,
976 1683 1092 1725 bene
1110 1689 1414 1738 compactum,
1436 1689 1481 1725 et
1497 1681 1542 1724 in
1560 1682 1728 1725 selecta
1743 1683 1898 1724 charta

252 1760 393 1805 nitide
421 1769 671 1813 exaratum,
715 1774 800 1816 234
837 1762 882 1803 ff.
925 1768 1154 1803 constans.
1189 1760 1392 1803 Primum
1421 1760 1499 1803 fol.
1535 1762 1656 1803 hunc
1682 1761 1820 1803 habet
1853 1759 1896 1802 in

258 1841 314 1882 1.‘²
338 1854 441 1896 pag.
481 1839 663 1881 titulum
687 1838 953 1894 inscriptum
981 1853 1118 1881 manu
1147 1837 1289 1894 ipsius
1330 1840 1381 1881 P.
1420 1838 1587 1881 Nadal:
1633 1838 1898 1894 «Exemplar

252 1917 603 1960 instructionum
647 1917 1149 1960 inemendatum.»—In
1193 1931 1370 1959 summa
1405 1930 1540 1972 pag,
1580 1930 1718 1958 manu
1756 1915 1898 1972 ipsius

251 1996 415 2039 Nadal:
447 1994 753 2037 «instructio.S
774 1995 908 2036 »-In
937 1993 1159 2050 margine,
1191 1994 1277 2037 alia
1305 2008 1443 2037 manu
1473 1993 1618 2050 ignoti
1641 1994 1894 2049 cujusdam:

255 2076 335 2117 «P,
368 2071 769 2117 Natalis»—-Alius
801 2072 960 2114 titulus
990 2072 1036 2114 in
1065 2071 1212 2114 media
1240 2087 1371 2128 pag:
1409 2071 1599 2115 «Variae
1630 2071 1898 2114 Instructio—

251 2167 332 2195 nes
359 2150 365 2209 Ι
395 2158 439 2194 et
461 2151 666 2207 Regulae
689 2164 769 2205 pro
790 2145 926 2193 variis
950 2149 1114 2192 officiis
1137 2149 1380 2194 Societatis
1408 2149 1414 2207 Ι
1442 2165 1468 2192 a
1493 2152 1544 2192 P.
1571 2149 1721 2193 Natali
1749 2149 1755 2207 Ι
1784 2162 1897 2191 con—

253 2231 442 2273 fectae.»
471 2228 559 2271 Hic
590 2227 749 2270 titulus
778 2241 869 2270 non
906 2242 932 2269 a
969 2227 1115 2270 Nadal
1148 2226 1360 2283 scriptus,
1395 2227 1512 2270 sicut
1550 2240 1633 2270 nec
1667 2226 1828 2269 tertius
1851 2226 1895 2268 in

251 2308 407 2351 eadem
430 2305 612 2362 pagina,
640 2318 724 2347 sc.:
755 2305 1051 2347 «1nstrue.nes
1076 2311 1121 2347 et
1143 2306 1246 2348 offa
1268 2305 1554 2347 »—Tandem
1573 2312 1762 2359 quartus
1784 2303 1894 2346 titu-

251 2386 322 2428 lus
346 2384 526 2428 additus
550 2384 667 2426 inter
696 2393 804 2425 Lum
835 2390 880 2425 et
904 2394 1039 2437 2.um,
1066 2382 1143 2438 qui
1167 2398 1260 2426 non
1283 2383 1338 2425 ad
1358 2389 1503 2425 totum
1520 2382 1683 2425 librum
1702 2388 1892 2438 spectat,

253 2464 330 2507 sed
361 2470 537 2506 tantum
577 2461 632 2503 ad
663 2471 767 2502 Lam
798 2468 969 2515 partem
1008 2460 1172 2517 ipsius,
1204 2475 1287 2504 sc.:
1334 2460 1602 2504 «Instructio
1640 2459 1895 2517 provincia-

251 2542 406 2584 lium.»

343 2621 411 2662 En
438 2618 633 2663 indicem
663 2634 812 2664 rerum
843 2619 887 2661 in
912 2620 997 2662 hoc
1020 2619 1110 2661 vol.
1139 2617 1407 2674 scriptarum
1433 2631 1458 2659 a
1488 2629 1503 2658 1
1533 2616 1608 2658 fol.
1635 2615 1691 2658 ad
1716 2627 1795 2669 231
1825 2615 1895 2657 in-

253 2698 440 2741 clusive:

342 2775 644 2819 —Instructio
667 2775 1025 2832 provincialium.
1054 2775 1149 2818 Fol.
1183 2772 1628 2823 1—21.—Instructio,
1655 2785 1772 2826 quae
1793 2770 1896 2814 data

253 2853 336 2897 fuit
359 2853 667 2897 commissario
690 2852 957 2905 Galliarum,
984 2867 1099 2907 quae
1122 2852 1287 2907 poterit
1315 2850 1411 2893 aliis
1434 2848 1778 2900 accommodari,
1805 2863 1893 2890 non

253 2932 401 2974 solum
450 2930 768 2974 commissariis
812 2930 891 2972 sed
934 2928 1286 2985 provincialibus
1329 2927 1479 2970 etiam.
1527 2927 1561 2969 F
1566 2926 1625 2968 ol.
1675 2938 1894 2980 24—31.-

253 3008 494 3053 Instructio
523 3008 691 3060 breuiS,
724 3021 918 3063 quanam
948 3006 1118 3050 scilicet
1147 3005 1320 3050 ratione
1357 3005 1413 3048 de
1451 3004 1586 3047 rebus
1625 3002 1893 3058 theologicis
