2038 3313
741 233 787 268 >18
815 234 1063 268 DECEMBRIS
1094 233 1185 277 1548
1744 244 1787 281 55

136 337 264 380 detto
290 337 300 357 ¹
335 338 395 379 ha
422 336 656 392 predicato
684 335 732 378 in
760 336 955 390 qualche
983 335 1259 378 monasterio
1288 336 1428 378 molto
1456 337 1602 389 bene,
1634 344 1679 380 et
1713 338 1790 381 Isi-

136 415 248 456 doro
271 414 285 434 2
315 413 363 455 in
386 414 515 456 altro.
559 413 795 469 Speriamo
831 413 878 454 d’
909 411 1019 469 ogni
1048 419 1176 468 parte
1204 412 1241 455 si
1273 413 1368 456 fara
1396 412 1514 456 assai
1543 414 1685 456 frutto
1713 428 1792 469 per

134 492 275 534 bonta
306 491 352 532 d’
385 490 527 542 Iddio,
561 492 648 534 che
674 490 742 533 513
773 491 819 532 d’
845 489 956 546 ogni
980 504 1088 532 cosa
1110 491 1195 532 che
1225 490 1268 532 fa
1290 504 1470 546 sempre
1498 489 1785 546 ringratiato.

224 580 268 621 4.
335 567 428 623 Qui
452 582 545 610 non
567 551 696 611 sente
718 566 907 623 parlarsi
930 581 980 610 se
1002 581 1095 609 non
1123 566 1169 609 di
1198 566 1475 609 confessioni
1499 567 1725 623 generali,
1762 583 1789 611 0

138 644 381 700 frequenti,
406 644 705 688 riformationi
727 644 773 687 di
797 645 907 698 uita,
933 643 1298 688 communicasse
1315 658 1472 700 spesso
1495 651 1540 687 et
1563 645 1664 687 altri
1686 645 1788 701 gio-

137 722 336 766 uamenti
359 722 599 779 spirituali,
625 737 755 766 come
776 721 1008 778 prediche,
1035 720 1228 774 lettioni,
1250 721 1454 777 consegli
1472 729 1517 764 et
1540 736 1787 765 conuersa—

134 799 261 853 tioni3
287 807 333 843 et
355 800 386 842 il
408 799 487 856 piu
510 807 880 843 communmente
902 813 1182 842 concorreno
1211 799 1269 841 da
1297 798 1373 841 noi
1404 813 1598 854 persone
1624 800 1680 842 de
1708 800 1786 842 dui

128 877 328 929 estremi,
355 876 452 920 cioe
476 878 614 920 molto
637 879 805 930 buone,
831 891 972 920 ouero
1000 878 1139 920 molto
1162 876 1324 920 5111316.
1362 878 1449 919 Per
1477 876 1508 918 il
1536 870 1721 932 passa‘to
1744 878 1787 919 13

131 955 369 998 domenica
390 962 573 1011 passata
594 954 632 997 si
655 954 1057 998 communicorono
1074 955 1137 996 fin
1155 969 1181 997 3
1198 966 1256 1007 40
1279 968 1366 996 con
1384 955 1524 996 molta
1541 954 1787 998 deuotione

130 1038 177 1075 et
200 1031 488 1076 edificatione
509 1033 583 1075 del
604 1033 788 1088 populo,
814 1040 860 1075 et
882 1033 977 1075 cosi
999 1031 1223 1088 speriamo
1245 1031 1351 1074 (13111
1374 1031 1582 1087 principii
1600 1033 1686 1075 che
1702 1047 1785 1075 no-

131 1117 226 1152 stro
249 1108 418 1165 Signor
439 1110 576 1153 vuole
599 1110 693 1153 fare
715 1125 830 1166 gran
852 1111 970 1153 bene
992 1125 1018 1153 3
1040 1116 1202 1165 questa
1223 1109 1334 1152 61113
1356 1116 1401 1153 et
1418 1110 1475 1152 ad
1493 1110 1606 1152 altre
1623 1124 1785 1153 consen

131 1193 475 1241 quentemente,
516 1200 597 1243 per
629 1187 870 1243 lessempio
897 1194 943 1230 et
971 1186 1073 1230 altri
1102 1186 1245 1230 mezzi
1274 1189 1360 1230 che
1389 1202 1469 1229 sua
1499 1187 1787 1242 prouidentia

131 1266 267 1320 sapra
289 1264 377 1307 ben
402 1271 584 1308 trouare
606 1271 651 1307 et
680 1265 943 1320 adoperare.

223 1351 263 1395 5.
331 1340 591 1384 Habbiamo
628 1341 932 1398 grandissima
961 1342 1202 1385 occasione
1230 1341 1275 1383 di
1303 1341 1517 1384 sforzarci
1547 1343 1605 1390 ad
1633 1356 1784 1385 essere

129 1417 419 1461 instrumenti
442 1418 542 1461 suoi
565 1433 657 1461 non
679 1418 844 1470 inutili,
871 1418 945 1475 poi
968 1421 1053 1462 che
1075 1418 1112 1461 si
1135 1420 1288 1475 degna
1310 1418 1483 1462 seruire
1499 1419 1544 1461 di
1562 1419 1653 1472 noi,
1676 1421 1783 1475 pero

129 1496 341 1539 hauendo
362 1497 503 1538 molto
526 1495 720 1553 bisogno
743 1497 859 1540 delle
881 1496 1075 1540 orationi
1098 1497 1217 1540 della
1240 1498 1292 1539 P.
1321 1498 1378 1540 V.
1405 1503 1450 1539 et
1468 1496 1585 1549 altri,
1612 1504 1783 1552 quanto

127 1572 166 1615 si
189 1574 297 1629 puo,
324 1587 377 1617 ce
400 1572 464 1629 gli
496 1572 904 1617 raccomandiamo.
1349 1583 1353 1585 “

215 1652 288 1693 Da
312 1650 527 1703 Messina,
554 1651 629 1694 3111
659 1652 708 1694 18
733 1651 779 1693 di
803 1653 940 1695 X‚bre
970 1652 1097 1706 1548.

214 1729 273 1770 D.
300 1729 357 1771 V.
388 1730 439 1771 P.
467 1728 640 1784 figliolo
663 1736 708 1772 et
730 1743 866 1773 seruo
889 1729 936 1771 in
959 1730 1063 1781 X.⁰,

1015 1807 1316 1850 HIERONYMO
1350 1808 1536 1850 NADAL.

217 1884 464 1940 Inscriptio
480 1885 777 1940 autographa
795 1886 959 1926 Patris
978 1884 1134 1926 Nadal
1152 1886 1202 1926 in
1214 1888 1382 1940 quarta
1393 1885 1593 1941 pagina:
1611 1883 1639 1941 1-
1659 1884 1782 1927 Mul-

128 1968 224 2003 tum
248 1959 358 2003 R.d0
380 1960 427 2002 in
451 1962 570 2016 Xpo.
599 1963 650 2004 P.
678 1963 736 2004 D.
772 1961 950 2017 Ignatio
978 1963 1036 2004 de
1065 1963 1258 2017 Loyola,
1290 1961 1548 2018 praeposito
1576 1960 1781 2017 generali

128 2037 371 2082 Societatis
388 2040 515 2095 Jesu,
544 2038 668 2081 Patri
689 2038 1108 2081 obseruantissimo.
1136 2041 1321 2082 Romae.

216 2116 324 2157 Alia
346 2130 505 2158 manu:
528 2115 741 2159 Messina.
775 2117 901 2170 1548.
929 2115 1002 2158 3111
1032 2117 1082 2158 18
1105 2117 1162 2159 (16
1182 2117 1454 2159 Decembro.
1477 2117 1638 2159 Nadal.
1667 2116 1715 2160 S.

219 2193 377 2249 Sigillz·
399 2194 661 2249 vestigium.

201 2382 211 2400 ¹
264 2379 504 2414 Benedictus
523 2379 710 2414 Palmius.

198 2443 212 2460 ·-’
265 2439 440 2474 Isidorus
458 2439 616 2474 Bellini.
