2038 3313
695 234 737 270 16
764 236 998 271 FEBRUARH
1026 236 1112 281 1561
1657 235 1733 280 385

66 336 120 380 >in
143 337 314 395 regulis
328 337 542 394 ‘magistri
560 336 863 389 nouiciorum,
884 338 942 380 ad
959 344 1229 390 extremum,
1249 337 1298 380 in
1316 337 1370 380 iis
1387 337 1590 390 monitis,
1612 352 1729 393 quae

72 415 287 472 priuatim
309 415 515 471 Goncalo
539 415 737 458 Aluarez
759 414 956 467 dictasti,
983 421 1028 458 et
1051 416 1108 458 ad
1129 414 1330 458 officium
1358 414 1566 471 magistri
1595 414 1730 458 noui—

74 492 251 536 ciorum
274 491 534 536 adiunxisti:
564 493 656 535 «La
678 492 843 547 platica
865 496 965 535 sera
994 496 1020 535 a
1043 507 1132 535 una
1153 493 1266 535 hora
1288 492 1666 535 accommodada:
1693 491 1731 534 si

79 585 159 626 por
183 572 321 614 ahora
342 585 402 613 no
424 568 607 626 podiere
629 583 702 612 ser
723 568 984 612 immediata
1005 574 1032 613 a
1053 571 1096 612 la
1117 569 1301 623 missa»;
1334 571 1446 612 haec
1475 568 1582 625 ipsa
1604 569 1732 612 clau-

78 649 178 691 sula
202 647 308 691 fecit
329 653 599 704 potestatem
621 646 843 700 mutandi,
869 647 906 689 si
935 646 1182 691 necessitas
1211 654 1412 703 urgeret.
1441 646 1607 703 Coegit
1635 646 1734 690 sine

79 725 219 768 dubio
241 724 488 769 necessitas
510 730 707 777 mutare3
734 723 947 779 quoniam
980 723 1171 776 nouicii,
1207 724 1280 766 vel
1313 730 1421 766 sunt
1453 723 1729 776 scholastici,

72 803 151 845 ⁴vel
174 801 358 858 opifices
381 801 427 843 in
449 801 544 844 suis
567 800 725 844 officiis
748 801 880 843 valde
903 800 1128 857 occupati.
1156 800 1468 855 Scholasticis,
1501 801 1539 843 si
1567 802 1734 844 exhor—

80 879 189 922 tatio
212 879 341 922 fieret
369 878 521 922 statim
551 885 653 935 post
682 893 888 930 sacrum,
921 878 1098 920 nullum
1131 878 1223 921 fere
1253 884 1433 934 tempus
1463 877 1734 933 relinquitur

72 963 325 1012 antequam
362 956 642 999 descendant
669 955 716 997 in
744 954 1058 1011 gymnasium,
1091 969 1182 1011 quo
1211 954 1386 1011 possint
1415 956 1488 998 vel
1516 955 1735 999 lectiones

79 1033 363 1090 praeuidere,
390 1033 480 1076 imo
502 1048 611 1076 vero
633 1032 671 1076 si
693 1033 990 1088 repetendum
1014 1039 1083 1075 est
1100 1039 1203 1088 post
1219 1032 1600 1085 exhortationem,
1621 1039 1672 1075 ut
1690 1032 1737 1075 in

84 1111 255 1167 regulis
277 1112 515 1163 habemus,
537 1117 716 1166 tempus
733 1125 826 1152 non
843 1109 1025 1162 sufficit,
1047 1108 1278 1165 quoniam,
1299 1124 1401 1152 cum
1422 1109 1539 1152 inter
1557 1124 1737 1152 sacrum

82 1196 128 1232 et
159 1188 449 1245 gymnasium
485 1187 563 1230 vix
594 1194 775 1230 maneat
805 1189 917 1230 hora
948 1186 1128 1243 integra
1154 1200 1259 1229 cum
1298 1188 1566 1242 quadrante,
1608 1188 1737 1231 deest

84 1273 263 1322 tempus
299 1267 356 1309 ad
393 1266 655 1309 cubiculum
693 1266 983 1318 verrendum,
1024 1271 1070 1307 et
1108 1265 1165 1308 ad
1202 1265 1289 1307 alia
1320 1264 1600 1308 necesssaria
1630 1280 1737 1321 per-

80 1345 278 1400 agenda.
306 1344 370 1386 At
393 1343 593 1399 opifices,
620 1342 658 1385 si
679 1342 833 1398 aliquo
858 1348 1060 1398 tempore
1091 1341 1233 1385 totius
1262 1341 1351 1385 diei
1379 1342 1425 1384 in
1453 1342 1548 1385 suis
1576 1342 1737 1385 officiis

81 1429 192 1464 sunt
209 1420 469 1474 necessarii,
491 1427 587 1463 tum
605 1419 799 1463 maxime
817 1426 939 1462 sunt.
962 1421 1120 1475 Itaque
1136 1420 1209 1462 vel
1227 1419 1379 1462 studia
1395 1419 1674 1462 nouitiorum
1691 1427 1737 1464 et

83 1498 331 1542 domestica
354 1497 500 1541 officia
522 1497 769 1540 maximum
797 1504 928 1540 erant
956 1496 1279 1540 detrimentum
1309 1512 1523 1553 passura,
1554 1498 1628 1540 vel
1656 1513 1737 1540 ex-

82 1576 279 1620 hortatio
302 1575 438 1618 nullis
460 1575 533 1617 vel
555 1576 613 1617 ad
634 1589 863 1617 summum
895 1575 1076 1617 duobus
1106 1575 1179 1618 vel
1208 1574 1353 1616 tribus
1384 1574 1590 1617 facienda
1621 1581 1733 1618 erat.

84 1653 172 1697 His
201 1653 343 1710 igitur
371 1654 426 1696 de
455 1651 603 1695 causis
633 1667 659 1694 a
687 1651 997 1708 superioribus
1035 1652 1286 1694 iudicatum
1323 1658 1393 1695 est
1430 1653 1606 1694 nullum
1639 1667 1739 1696 esse

84 1738 266 1787 tempus
289 1730 455 1786 aptius,
483 1744 572 1785 quo
596 1729 771 1786 possint
793 1744 951 1772 omnes
974 1729 1220 1772 conuenire
1244 1736 1335 1772 tam
1358 1729 1634 1783 scholastici,
1661 1729 1739 1785 qui

85 1816 198 1851 'tunc
220 1809 334 1851 duas
356 1809 527 1850 habent
549 1809 686 1850 horas
709 1806 912 1863 integras
935 1807 1055 1850 etad
1078 1807 1355 1850 studendum
1378 1813 1424 1850 et
1447 1808 1504 1850 ad
1526 1809 1613 1850 hoc
1637 1814 1740 1850 tan—

91 1886 326 1928 tummodo
350 1885 616 1938 destinatas3
649 1899 785 1940 quam
815 1884 1017 1940 opifices,
1055 1885 1147 1939 qui,
1181 1884 1218 1927 si
1241 1899 1331 1940 quo
1366 1891 1568 1941 tempore
1602 1885 1742 1927 totius

87 1963 178 2006 diei
198 1962 400 2018 requiem
424 1962 620 2018 aliquam
638 1964 694 2005 ab
713 1962 872 2005 officiis
890 1963 1057 2005 habere
1076 1970 1283 2018 possunt,
1306 1971 1404 2006 tum
1421 1962 1617 2007 maxime
1634 1977 1742 2019 pos-

87 2048 209 2093 sunt,
237 2041 419 2096 quando
442 2046 635 2096 possunt
657 2039 745 2082 iam
769 2055 840 2082 res
863 2054 969 2082 suas
993 2039 1055 2082 ita
1077 2040 1353 2096 compositas
1376 2040 1655 2095 relinquere,
1692 2046 1744 2083 ut

85 2117 215 2162 breui
254 2125 456 2173 tempore
488 2124 591 2173 post
618 2116 981 2160 exhortationem
1012 2116 1195 2169 relicto,
1222 2116 1267 2159 id
1290 2125 1375 2170 est,
1403 2132 1495 2160 una
1524 2119 1636 2161 hora
1666 2133 1744 2161 eas

86 2195 264 2252 ‚possint
286 2196 343 2238 ad
364 2209 552 2237 coenam
575 2194 803 2250 expedire3
831 2195 953 2249 quod
983 2193 1020 2236 si
1049 2193 1234 2237 omnino
1263 2210 1356 2238 non
1385 2202 1599 2251 possunt,
1634 2202 1745 2238 tunc

85 2272 360 2316 vnecessitate
384 2271 529 2315 coacti
551 2278 752 2323 manent,
778 2278 823 2314 et
846 2270 909 2313 ita
931 2271 982 2313 fit
1005 2278 1057 2313 ut
1079 2271 1210 2314 multi
1239 2272 1391 2315 adsint
1419 2279 1465 2315 et
1497 2271 1632 2328 pauci
1663 2272 1745 2315 de—

91 2350 197 2394 sint.
225 2350 363 2405 Quod
385 2356 538 2392 autem
560 2348 729 2391 vereris
752 2364 810 2392 ne
832 2349 975 2391 multa
1003 2350 1296 2393 cumulentur
1320 2357 1523 2406 tempore
1545 2350 1747 2407 pomeri-

84 2428 242 2480 diano,
268 2427 449 2470 videtur
471 2426 583 2469 nihil
604 2441 703 2469 esse
721 2427 989 2478 verendum,
1012 2426 1226 2482 quoniam
1244 2427 1503 2471 scholastici
1521 2427 1747 2471 immunes

91 2512 199 2547 sunt
222 2520 247 2547 a
269 2503 490 2557 doctrina,
518 2510 695 2546 tantum
717 2504 889 2547 habent
917 2503 1040 2546 istud
1069 2504 1381 2560 occupationis
1409 2504 1455 2547 in
1485 2505 1560 2548 illa
1589 2505 1747 2561 quinta

92 2583 219 2634 hora,
245 2589 290 2626 et
313 2580 498 2625 alternis
520 2580 682 2624 diebus
704 2580 857 2623 statim
885 2588 988 2637 post
1020 2581 1218 2637 quietern
1247 2590 1519 2625 exercentur
1548 2583 1605 2625 ad
1635 2596 1746 2625 con-

93 2659 379 2711 tionandum,
404 2659 527 2713 quod
549 2658 658 2713 ipsis
682 2673 772 2701 non
795 2659 929 2701 durat
951 2658 1037 2701 nisi
1058 2674 1148 2701 uno
1167 2660 1433 2713 quadrante.
1456 2661 1612 2714 Itaque
1630 2659 1749 2702 inte—

88 2751 223 2793 gram
245 2737 415 2779 habent
438 2737 595 2777 horam
619 2742 863 2790 antequam
894 2736 1174 2779 descendant
1203 2735 1250 2778 in
1279 2736 1586 2792 gymnasium.
1625 2736 1751 2779 Reli-

92 2813 194 2868 quis
221 2828 352 2866 vero,
385 2812 462 2867 qui
491 2812 538 2854 in
566 2811 726 2854 officiis
756 2812 1018 2855 domesticis
1048 2820 1312 2865 versantur,
1345 2812 1383 2855 si
1415 2813 1565 2856 officia
1598 2814 1751 2857 locum

88 2891 220 2943 dant,
246 2890 382 2934 etiam
406 2905 498 2933 non
520 2889 734 2932 videntur
756 2890 899 2932 multa
922 2890 1173 2942 cumulare,
1200 2890 1464 2945 praesertim
1482 2904 1587 2933 cum
1607 2905 1750 2946 quae—

95 2984 264 3021 ramus,
284 2975 330 3011 et
352 2982 510 3011 revera
526 2966 764 3009 inventum
783 2965 856 3018 sit,
879 2973 1073 3023 tempus,
1094 2966 1141 3008 in
1166 2981 1256 3022 quo
1281 2967 1429 3010 officia
1454 2967 1551 3024 ipsa
1574 2968 1751 3011 soleant

95 3045 269 3102 aliquid
291 3045 370 3089 otii
392 3045 514 3088 dare.
549 3045 650 3100 Ego
680 3050 739 3096 te,
767 3045 820 3085 R.
850 3045 923 3097 P.,
957 3043 1291 3100 quamprimum
1320 3045 1559 3088 certiorem
1591 3045 1753 3089 faciam

244 3129 359 3158 Emsr.
379 3129 416 3157 P.
439 3128 575 3162 NADAL,
596 3135 670 3156 τοΜ.
693 3127 719 3156 Ι.
1543 3130 1579 3158 25
