2038 3313
778 195 816 233 17
847 187 954 233 JULu
985 186 1073 233 1562
1680 194 1749 234 749

870 415 998 457 203

611 531 657 566 P.
692 530 1024 567 PASCHAsuus
1053 520 1228 568 BROET

461 643 525 684 P.
585 641 1071 684 HIERONYMO
1120 642 1391 684 NADAL

622 761 823 815 Parisiis,
855 760 1027 819 17Julii
1058 762 1166 816 1562
1191 763 1218 804 ¹.

95 891 130 917 Ι.
150 882 211 917 De
230 883 277 917 P.
303 882 470 918 Ottone:
484 883 609 929 pestis
626 881 807 917 Lutetiae
821 885 1146 929 grassatur.——2.
1170 882 1347 918 Litterae
1363 883 1592 924 Pelletarii,
1614 883 1749 931 Auge-

166 942 224 977 rii
241 945 278 977 et
300 941 502 978 Guidonis
519 943 574 977 ad
589 943 637 980 P.
653 942 792 977 Nadal
808 941 1076 988 deferuntur:
1090 943 1188 977 socii
1202 945 1466 978 turnonenses
1480 943 1747 990 Billomiper-

163 1005 346 1037 manent:
366 1003 415 1037 P.
432 1003 574 1050 Auger
590 1001 849 1037 claromonte
867 1003 1232 1048 concionatur.—-3.
1254 1003 1507 1049 Magistrum
1529 1004 1746 1038 rhetorices

159 1062 342 1108 postulat
365 1064 444 1109 pro
473 1062 641 1110 collegio
665 1062 997 1106 buloniensi—4.
1027 1063 1104 1097 Res
1135 1061 1321 1097 Galliae:
1352 1062 1512 1097 Lutetia
1537 1063 1749 1098 haereticis

159 1125 346 1170 purgata
369 1134 527 1170 magna
544 1134 592 1158 ex
610 1125 753 1170 parte:
778 1122 973 1158 haeretici
997 1123 1128 1157 variis
1152 1134 1171 1157 e
1201 1122 1433 1157 civitatibus
1451 1123 1750 1170 propulsati.—

163 1191 198 1225 ς,
219 1181 257 1217 6.
280 1181 464 1230 Collegia
480 1183 632 1218 Ruteni
648 1185 685 1218 et
713 1183 890 1224 Tolosae,
911 1185 982 1218 etc.

182 1307 242 1350 Al
260 1309 322 1350 Μ.
344 1309 398 1350 R.
422 1309 469 1351 P.
493 1309 555 1351 M.
577 1308 741 1360 Nadal,
761 1307 1071 1351 commissario
1088 1308 1205 1352 della
1224 1307 1509 1364 Compagnia
1527 1307 1571 1351 di
1595 1309 1742 1361 Gessi,

94 1399 120 1426 a
146 1384 351 1428 Colonia.

869 1465 967 1521 jhs.

185 1544 281 1586 Pax
305 1542 382 1586 X.i

188 1634 224 1665 Ι.
293 1621 435 1666 Molto
452 1620 721 1664 Reverendo
744 1619 790 1662 in
814 1619 964 1663 Cristo
997 1620 1159 1664 Padre.
1188 1620 1262 1663 Ho
1286 1619 1492 1664 ricevuto
1521 1619 1563 1664 la
1585 1620 1747 1664 lettera

91 1699 135 1742 di
160 1701 217 1743 V.
246 1701 300 1743 R.
334 1700 348 1719 ²
383 1714 464 1755 per
486 1713 642 1742 mezzo
680 1698 753 1742 del
794 1700 845 1741 P.
889 1699 1003 1742 Otto
1032 1699 1064 1750 ⁵,
1098 1699 1232 1754 quale
1262 1705 1333 1741 sta
1355 1713 1442 1741 con
1466 1698 1557 1751 noi,
1591 1715 1616 1743 e
1640 1701 1684 1743 fa
1715 1700 1744 1742 li

90 1777 284 1821 exercizi
302 1777 438 1830 bassi,
465 1792 598 1821 come
616 1778 672 1821 V.
701 1778 754 1819 R.
781 1778 840 1819 ha
857 1777 1000 1828 detto,
1021 1792 1046 1820 e
1064 1776 1203 1832 legge
1223 1791 1313 1819 una
1330 1776 1505 1820 lezione
1523 1776 1567 1819 di
1586 1791 1743 1833 gram—

88 1855 252 1898 matica
269 1870 295 1898 a
319 1854 511 1898 Claudio
534 1870 560 1899 e
581 1854 847 1911 Guglielmo
870 1853 915 1897 in
940 1868 1044 1897 casa
1068 1867 1147 1909 per
1177 1867 1315 1896 causa
1343 1854 1462 1898 della
1483 1861 1628 1910 peste,
1655 1857 1741 1898 che

87 1934 111 1975 6
134 1934 296 1976 dentro
319 1932 349 1975 li
371 1931 569 1988 collegii3
597 1947 669 1974 ma
692 1930 816 1987 dipoi
840 1933 924 1975 che
947 1933 1048 1974 sara
1065 1930 1194 1974 finita
1217 1931 1259 1974 13
1282 1938 1427 1987 peste,
1454 1931 1483 1973 li
1507 1931 1739 1975 rimande-

89 2026 231 2054 ranno
254 2011 296 2054 al
319 2009 530 2067 collegio.

177 2101 218 2131 2.
286 2089 454 2131 Mando
483 2102 570 2130 con
598 2087 640 2130 la
669 2094 881 2143 presente
913 2102 938 2130 a
969 2089 1026 2131 V.
1061 2089 1114 2131 R.
1143 2088 1185 2130 la
1213 2088 1376 2131 lettera
1399 2087 1443 2130 di
1477 2088 1643 2131 Tolosa
1667 2089 1740 2131 del

160 2258 169 2277 ¹
222 2256 280 2290 Ex
300 2261 560 2302 transumpto,
582 2267 697 2291 manu
717 2255 844 2290 Patris
864 2256 990 2290 Boero
1010 2261 1186 2302 exarato,
1212 2254 1317 2303 quod
1343 2256 1511 2291 habetur
1539 2256 1577 2291 in
1604 2255 1741 2293 codice

85 2315 304 2361 antiquitus
319 2321 539 2362 compactO,
559 2315 598 2350 in
618 2315 683 2361 f.0,
707 2315 772 2360 198
791 2314 979 2362 epistolas
999 2315 1244 2350 continente.
1261 2315 1432 2362 Titulus,
1449 2316 1488 2351 in
1503 2315 1619 2351 dorso
1639 2316 1741 2352 litte-

86 2374 138 2409 ris
170 2375 298 2410 aureis
331 2374 504 2421 positus,
537 2380 597 2410 est
628 2374 871 2421 hujusmodi:
902 2374 1199 2412 EPISTOLAE
1225 2376 1302 2410 ΡΡ.
1337 2376 1454 2421 JAH,
1484 2376 1643 2410 FABRI
1675 2376 1741 2411 ET

88 2434 276 2471 BROET.
303 2434 460 2481 Duplici
485 2434 552 2470 fol.
584 2436 694 2479 min.‚
725 2435 804 2480 198,
825 2439 980 2470 constat
1000 2436 1097 2470 haec
1116 2435 1298 2482 epistola,
1318 2435 1381 2470 cui
1402 2435 1440 2470 in
1460 2447 1527 2470 ora
1553 2436 1740 2471 exteriori

85 2494 233 2540 primae
253 2506 341 2540 pag.
363 2495 459 2529 haec
479 2495 678 2530 annotatio
703 2496 751 2530 ab
783 2495 868 2541 ipso
899 2495 942 2530 Ρ.
965 2496 1090 2530 Boero
1110 2495 1297 2542 inscripta
1317 2501 1395 2530 est:
1419 2495 1617 2542 «Copiata
1635 2497 1736 2531 dall’

83 2555 303 2601 originale,
316 2554 390 2601 gia
406 2558 555 2602 guasto
572 2567 591 2590 e
610 2558 783 2590 corrotto
803 2556 847 2590 in
861 2555 938 2602 piu
957 2555 1111 2602 luoglzi.
1135 2556 1171 2601 J.
1192 2556 1340 2591 BOERO
1362 2555 1401 2590 S.
1423 2556 1485 2601 J.»

156 2617 170 2635 “-’
222 2614 331 2648 Η366
351 2614 516 2660 epistola
536 2614 700 2661 periisse
719 2614 890 2650 videtur.

153 2675 166 2694 ⁵
218 2673 346 2719 Hujus
365 2674 492 2709 Patris
512 2685 732 2720 cognomen
753 2674 992 2720 ignoramus.
1014 2674 1057 2708 In
1081 2674 1177 2709 Cod.
1195 2675 1255 2716 16,
1273 2675 1343 2720 IV,
1364 2674 1448 2720 344,
1465 2676 1633 2710 habetur
1647 2687 1736 2711 exa-

83 2745 173 2769 men
192 2733 320 2768 Patris
338 2732 514 2779 Ottonis,
533 2733 582 2769 de
600 2746 677 2781 quo
696 2734 759 2769 hic
784 2745 912 2769 sermo
938 2745 1026 2769 esse
1052 2734 1222 2769 videtur.
1249 2735 1307 2769 En
1334 2746 1457 2781 pauca
1485 2734 1576 2770 inde
1602 2747 1737 2771 excer-

82 2799 161 2841 pta.
182 2802 240 2828 «1.
262 2793 390 2828 Vocor
408 2792 517 2829 Otto.
543 2803 574 2828 2.
597 2794 733 2829 Annos
753 2800 869 2829 natus
888 2803 947 2840 29.
974 2793 1009 2828 3.
1037 2794 1176 2829 Gallus
1203 2794 1377 2840 natione,
1403 2794 1629 2841 provinciae
1658 2796 1740 2831 bel-

81 2853 211 2899 gicae,
230 2852 478 2899 episcopatus
497 2853 724 2900 leodiensis,
754 2853 887 2900 oppidi
918 2853 1166 2899 Huyensis...
1192 2863 1246 2889 12.
1275 2854 1370 2889 Sum
1396 2860 1580 2901 receptus
1606 2854 1645 2890 in
1670 2855 1739 2890 So-

83 2913 268 2948 cietatem
291 2924 313 2947 a
330 2912 468 2947 decem
487 2912 599 2948 annis
625 2925 646 2948 a
670 2913 840 2949 Domino
866 2912 1032 2948 Claudio
1058 2914 1159 2960 Jayo
1185 2914 1224 2949 in
1250 2914 1478 2958 Germania,
1504 2914 1544 2949 in
1570 2915 1739 2960 collegio

84 2972 335 3008 viennensi...
360 2981 414 3018 14.
437 2972 628 3008 Sacerdos
648 2984 747 3008 sum.
778 2981 833 3018 15.
862 2972 934 3008 Fui
957 2973 996 3007 in
1021 2973 1192 3019 collegio
1219 2973 1427 3009 viennensi
1460 2979 1499 3008 et
1531 2973 1569 3008 in
1601 2974 1735 3010 aliis...

87 3041 142 3077 17.
164 3033 208 3067 In
229 3032 370 3078 studijs
390 3032 619 3068 liberalibus
638 3044 682 3067 ac
701 3033 935 3079 theologicis
955 3033 1131 3069 nonnihil
1152 3039 1403 3069 versatus...»
