2038 3313
640 535 1171 605 APPENDIX

900 888 917 929 I

150 980 320 1023 GESTA
353 992 382 1022 A
416 979 583 1021 PATRE
616 977 789 1020 NADAL
823 977 1091 1021 MESSANAE
1125 991 1175 1021 IN
1208 991 1438 1022 ADVENTU
1471 991 1666 1023 CLAssls

788 1062 1029 1092 TURCICAE

565 1140 689 1183 Ante
711 1144 930 1183 aestatem
948 1138 1053 1183 anni
1083 1149 1190 1194 1551
1222 1141 1250 1183 ¹.

88 1232 243 1268 Divina
269 1230 495 1265 illustratio
523 1228 646 1264 Patri
669 1227 806 1263 Nadal
830 1228 1014 1263 immissa
1038 1229 1085 1263 de
1104 1229 1291 1276 precibus
1320 1232 1461 1264 contra
1480 1232 1616 1265 turcas
1632 1229 1735 1277 sun-

276 1290 430 1326 dendis.
437 1288 592 1325 -Urbs
610 1287 817 1324 Messanae
836 1300 861 1322 a
880 1290 1094 1323 turcarum
1113 1288 1314 1324 obsidione
1329 1288 1543 1325 liberatur.

180 1382 283 1424 Hoc
313 1387 514 1435 tempore
543 1377 667 1421 venit
695 1377 922 1420 exercitus
955 1384 1185 1421 turcarum
1215 1379 1317 1434 plus
1355 1378 1506 1422 minus
1543 1393 1648 1423 cum
1678 1394 1737 1437 90

91 1440 350 1484 triremibus
387 1446 432 1483 et
469 1439 650 1481 duobus
688 1436 975 1504 galeonibus,
1017 1445 1063 1480 et
1101 1438 1345 1482 Messinam
1378 1440 1630 1482 conabatur
1656 1454 1731 1482 ex—

90 1515 312 1558 pugnare.
347 1500 465 1542 Cum
493 1513 603 1541 vero
631 1512 656 1540 e
683 1496 871 1553 regione
901 1496 947 1539 in
970 1497 1181 1540 Calabria
1202 1497 1328 1542 iuxta
1352 1498 1580 1555 Rhegium
1609 1499 1739 1556 oppi-

91 1563 200 1604 dum
223 1575 272 1604 se
288 1560 506 1610 firmaret,
532 1556 749 1613 postridie
772 1572 904 1599 mane
928 1558 1238 1613 (posteaquam
1262 1560 1399 1601 Pater
1421 1560 1609 1602 noster²
1634 1566 1741 1603 ante

93 1620 199 1664 solis
221 1627 371 1663 ortum
401 1616 685 1673 surrexisset)
716 1616 1009 1659 extimulatus
1034 1616 1119 1660 fuit
1149 1620 1284 1660 Pater
1312 1625 1467 1662 noster
1495 1619 1742 1663 ascendere

91 1681 138 1724 in
162 1678 468 1723 summitatem
491 1692 573 1720 seu
597 1675 755 1719 turrim
785 1677 947 1719 domus
975 1676 1271 1732 probationis,
1296 1685 1342 1720 et
1364 1685 1490 1721 stans
1512 1678 1558 1722 in
1581 1694 1634 1722 ea
1657 1693 1741 1735 ge—

94 1740 229 1783 nibus
252 1738 380 1782 flexis
402 1736 635 1781 maledixit
662 1736 883 1779 exercitui
913 1743 1142 1780 turcarum
1166 1736 1337 1780 dicens:
1368 1737 1589 1782 «Domine
1611 1741 1740 1806 Jesu,

95 1799 313 1867 dissipat,
287 1805 462 1849 ventes,
490 1812 606 1864 quae
630 1797 747 1839 bella
764 1797 992 1839 volunt»³
1001 1830 1010 1848 ‚
1031 1803 1140 1849 etc„
1166 1796 1433 1852 excipiendo
1455 1799 1599 1841 bonos
1622 1798 1744 1841 chri-

96 1860 283 1911 stianos,
318 1857 397 1913 qui
420 1831 476 1900 ab
499 1856 608 1912 ipsis
640 1855 809 1923 captiui
833 1857 1122 1909 tenebantur3
1158 1863 1204 1899 et
1227 1856 1385 1899 incidit
1408 1857 1470 1899 illi
1499 1857 1743 1901 dicendum

96 1934 196 1963 esse
217 1921 306 1961 hoc
330 1917 454 1960 Patri
477 1915 647 1970 Natali,
674 1915 885 1958 nimirum
917 1924 967 1958 ut
990 1915 1167 1959 veniret
1196 1923 1298 1972 post
1321 1916 1594 1972 prandium
1583 1933 1630 1960 in
1661 1919 1741 1961 do-

97 1994 220 2022 mum
246 1976 526 2034 probationis
550 1990 653 2018 cum
677 1975 888 2018 omnibus
912 1975 1126 2018 Patribus
1149 1982 1194 2018 et
1214 1976 1445 2029 fratribus,
1470 1984 1516 2020 et
1538 1977 1600 2019 ibi
1616 1978 1745 2034 lege-

96 2046 199 2083 rent
221 2037 396 2093 aliquot
418 2037 615 2092 psalmos
638 2049 741 2077 cum
765 2034 945 2078 letaniis
962 2035 1096 2077 simul
1114 2035 1159 2077 in
1178 2035 1439 2080 summitate
1456 2038 1617 2080 domus
1635 2051 1746 2080 con-

99 2108 168 2141 tra
190 2097 328 2153 ipsos,
354 2096 490 2150 idque
518 2094 713 2151 genibus
734 2095 879 2148 flexis3
905 2094 1122 2138 videbant
1144 2094 1264 2137 enim
1284 2110 1339 2138 ex
1358 2110 1412 2140 eo
1430 2097 1532 2140 1000
1555 2098 1746 2140 classem

100 2166 349 2201 turcarum.
376 2156 514 2211 Quod
541 2169 645 2197 cum
675 2154 770 2197 suis
802 2154 1098 2197 familiaribus
1126 2154 1331 2208 dixisset,
1357 2155 1420 2198 ait
1442 2171 1491 2200 se
1519 2157 1637 2200 velle
1664 2171 1745 2200 ex-

99 2225 281 2274 pectare
302 2222 348 2259 et
370 2215 524 2258 videre
554 2229 671 2269 anne
700 2216 826 2257 Deus
854 2216 942 2257 hoc
969 2214 1104 2258 etiam
1134 2222 1442 2271 suggesturus
1470 2223 1590 2259 esset
1621 2216 1747 2260 Patri

100 2276 269 2329 Natali,
295 2276 435 2331 quod,
462 2281 512 2317 ut
535 2273 759 2317 Dominus
784 2274 968 2328 faceret,
994 2273 1119 2330 prius
1142 2289 1246 2317 eum
1275 2282 1500 2318 oraverat.

190 2337 308 2379 Cum
331 2348 443 2391 ergo
462 2336 597 2377 Pater
614 2341 767 2376 noster
785 2333 870 2376 iret
887 2333 932 2375 in
952 2334 1169 2389 templum
1188 2341 1393 2377 nostrum
1412 2336 1469 2377 ad
1488 2335 1746 2379 faciendum

102 2395 164 2441 ibi
188 2409 383 2446 sacrum,
411 2393 576 2449 reperit
598 2392 658 2434 ibi
684 2395 865 2437 Patrem
889 2394 1115 2447 Natalem,
1140 2393 1218 2448 qui
1242 2394 1367 2436 Patri
1391 2402 1545 2438 nostro
1568 2410 1673 2439 mox
1702 2395 1747 2438 in

103 2457 215 2498 haec
238 2455 377 2497 verba
399 2453 550 2496 iussit:
582 2452 804 2496 «Domine
822 2454 901 2505 N.,
934 2452 1090 2509 redige
1112 2452 1221 2495 mihi
1244 2453 1291 2495 in
1313 2455 1591 2508 memoriam,
1618 2455 1747 2498 finito

103 2514 306 2571 prandi03
332 2514 544 2556 volumus
567 2512 687 2556 enim
708 2511 863 2555 venire
885 2512 932 2554 in
955 2513 1142 2555 domum
1167 2520 1307 2566 tuam,
1336 2521 1381 2556 et
1399 2514 1460 2556 ibi
1482 2529 1612 2558 orare
1635 2530 1749 2559 con—

104 2582 172 2617 tra
195 2575 383 2617 classem
408 2571 672 2625 turcicam›>;
699 2587 791 2626 quo
824 2571 1002 2624 audito,
1028 2571 1176 2627 magis
1205 2572 1393 2628 gavisus
1425 2584 1494 2617 est
1519 2577 1670 2628 Pater,
1704 2582 1751 2618 et

103 2634 400 2677 confirmatus
429 2632 475 2673 in
498 2646 581 2674 sua
608 2630 918 2687 inspiratione,
945 2645 1044 2674 esse
1074 2631 1287 2673 nimirum
1317 2647 1417 2675 eam
1439 2649 1465 2676 a
1493 2635 1616 2688 Deo;
1642 2649 1746 2678 narn

102 2693 237 2737 etiam
260 2691 495 2734 biennium
518 2698 623 2734 ante
646 2698 849 2734 senserat
871 2706 919 2734 se
942 2690 1163 2733 stimulari
1182 2698 1232 2733 ut
1251 2700 1401 2736 oraret
1419 2707 1499 2748 pro
1518 2694 1749 2738 Constan—

106 2751 293 2808 tinopoli
317 2758 362 2795 et
385 2750 525 2793 turcis
548 2757 593 2793 et
616 2750 760 2792 salute
784 2750 885 2802 loci,
913 2750 958 2792 in
980 2765 1073 2805 quo
1097 2758 1209 2793 erat.

190 2813 308 2854 Ecce
331 2817 480 2854 autern
507 2808 616 2866 quid
643 2809 829 2853 accidit:
862 2809 1103 2852 duodecim
1127 2810 1333 2854 triremes
1369 2811 1488 2855 circa
1517 2812 1750 2857 meridiem

177 2921 187 2941 ¹
240 2919 297 2953 Ex
317 2916 413 2952 Cod.
436 2924 495 2962 25,
524 2916 615 2950 Vita
635 2916 683 2950 P.
706 2914 888 2951 Cornelii
914 2915 1162 2962 Wischaven‚
1178 2916 1246 2952 fol.
1268 2926 1406 2965 227v.,
1427 2918 1508 2954 228.
1526 2918 1627 2955 Vide
1642 2919 1755 2955 Noti-

107 2969 210 3003 tiam
231 2966 426 3006 codicum,
448 2975 536 3010 pag
556 2972 624 3007 Lx3
645 2968 685 2998 et
704 2963 820 3009 epist.
842 2962 902 3009 32,
918 2975 984 2998 nn.
1001 2963 1078 2998 6et
1097 2972 1133 3008 7.

180 3018 193 3036 ²¹
246 3013 420 3053 Scilicet,
443 3012 560 3046 Pater
579 3010 787 3046 Cornelius
808 3011 1064 3047 Wischaven.

182 3064 196 3083 5
248 3062 392 3096 Psalm.
412 3068 514 3105 LVII,
535 3058 593 3094 31.

251 3132 369 3160 Emsx.
393 3131 432 3159 P.
452 3129 586 3165 NADAL,
607 3136 685 3158 τοΜ.
707 3129 732 3157 Ι.
1489 3134 1525 3162 42
