2038 3313
236 183 333 211 XLv1
866 177 1046 213 NOTITIA
1074 186 1263 214 CODICUM

234 279 460 323 allocutus
497 286 566 323 est
599 279 1023 324 Reuerendissimus
1052 280 1293 325 cardinalis
1321 282 1722 339 neapolitanus...»
1755 284 1882 328 Fini-

237 363 331 400 tur:
362 356 450 399 «nil
472 357 614 413 possit
636 372 750 411 esse,
777 358 850 401 vel
872 357 1075 414 periculi,
1100 359 1173 402 vel
1194 359 1492 403 dubitationis
1513 361 1772 418 deinceps.»
1795 363 1880 407 Se-

236 441 439 490 quuntur
483 446 508 489 7
545 436 592 477 ff.
634 438 924 479 vacua—2.a
966 451 1091 492 pars,
1138 437 1212 480 fol.
1267 438 1368 491 158,
1416 437 1594 494 incipit:
1644 441 1762 497 «Jhs.
1795 438 1801 498 Ι
1829 442 1878 484 In

238 515 336 556 P.m
372 513 483 569 Cap.
525 513 871 557 Declaratio.um
907 513 1137 558 Examinis
1160 514 1331 557 scholia
1358 514 1364 572 Ι
1395 516 1533 558 Nullo
1556 518 1782 572 postulato
1803 533 1878 561 re—

237 596 414 647 sponso.
456 592 531 634 Ad
567 590 750 648 singula
787 591 1037 647 alioqui...»
1079 593 1114 635 F
1118 591 1257 635 initur
1294 592 1422 635 initio
1462 594 1537 636 fol.
1581 607 1689 649 244,
1730 596 1881 639 verbis

239 676 418 726 autogr.
442 671 494 712 P.
516 670 679 723 Nadal,
697 684 814 725 quae
827 669 1054 725 pertinent
1067 670 1124 713 ad
1138 669 1388 713 anteriores
1400 674 1725 728 paragraphos,
1746 680 1791 716 et
1808 673 1881 717 hic

239 747 411 791 addidit
439 755 614 801 auctor,
640 761 694 790 eo
721 748 843 803 quod
870 746 1065 803 spatium
1095 761 1186 789 non
1218 754 1480 804 suppeteret
1512 747 1558 791 in
1590 764 1674 793 suo
1702 751 1883 807 proprio

237 825 352 868 loco:
384 825 447 868 «si
470 841 560 882 qua
581 825 628 867 in
650 840 697 868 re
722 826 839 868 forte
866 824 1007 868 velint
1025 824 1306 868 intercedere
1334 825 1634 880 Assistentes,
1660 834 1705 871 et
1727 842 1883 872 emen-

239 904 347 946 dare
364 903 617 947 Generalis.
641 904 704 946 At
726 917 918 946 vero...»
941 901 1066 945 Finis
1088 917 1198 946 vero
1220 902 1509 946 Scholiorum
1532 904 1712 961 proprie
1734 905 1884 949 dictus

239 982 432 1024 habetur
455 980 499 1023 in
525 981 600 1024 fol.
629 993 713 1035 243
736 980 806 1023 his
829 980 1000 1023 verbis:
1032 981 1114 1024 «ad
1142 987 1293 1036 partes
1315 981 1584 1037 prudentiae
1606 982 1880 1037 cautionem,

240 1073 291 1102 ac
308 1058 657 1115 prouidentiam.
690 1057 696 1115 Ι
725 1058 849 1101 Finis
871 1057 1157 1103 Scholiorum
1180 1057 1226 1100 in
1255 1057 1260 1115 Ι
1288 1058 1675 1103 Declarationes.»

331 1296 484 1352 Hujus
501 1296 669 1340 codicis
688 1296 878 1339 alterurn
897 1295 1127 1351 exemplar
1143 1302 1283 1348 extat,
1305 1302 1639 1352 transumptum
1657 1312 1713 1340 ex
1728 1298 1882 1354 priori,

234 1375 328 1430 jam
351 1390 376 1417 a
398 1375 544 1419 Nadal
567 1374 823 1427 emendato,
849 1373 984 1417 etiam
1008 1372 1053 1415 in
1076 1376 1156 1427 4⁰,
1182 1372 1229 1414 in
1251 1373 1381 1428 cujus
1404 1374 1555 1426 dorso,
1588 1376 1701 1418 haec
1725 1383 1793 1418 est
1815 1376 1884 1418 in>-

241 1451 425 1508 scriptio
443 1452 643 1509 antiqua:
666 1454 745 1494 «P.
767 1453 986 1495 NATALIS
1015 1450 1020 1508 Ι
1050 1452 1263 1495 ScHoLIA
1283 1465 1331 1494 IN
1361 1450 1366 1509 Ι
1396 1452 1550 1495 EXAM.
1575 1467 1634 1495 ET
1653 1467 1822 1497 CONST.
1855 1453 1860 1511 Ι

243 1545 303 1574 ET
327 1545 623 1575 DECLARAT.»
652 1531 843 1573 Constat
866 1541 951 1583 417
974 1544 1080 1585 pag.
1110 1531 1222 1572 Pars
1245 1528 1388 1585 prima
1410 1529 1565 1572 finitur
1588 1530 1634 1573 in
1652 1546 1757 1588 pag.
1781 1543 1881 1586 247.

242 1608 458 1664 Sequitur
480 1607 705 1664 appendix
727 1606 1024 1660 additionum,
1052 1606 1182 1649 Pauli
1205 1608 1266 1650 IV
1290 1607 1503 1650 mandato
1531 1607 1818 1651 inductarum
1842 1609 1885 1651 in

242 1686 659 1739 constitutionibus,
683 1697 707 1740 7
721 1700 827 1742 pag.
853 1687 963 1728 Pars
980 1684 1201 1741 posterior
1218 1684 1368 1728 statim
1388 1685 1593 1742 sequitur
1610 1701 1636 1729 a
1652 1702 1757 1743 pag.
1782 1698 1882 1742 255.

332 1766 460 1808 Haec
483 1764 660 1806 Scholia
680 1762 828 1806 Patris
851 1763 997 1806 Nadal
1015 1762 1132 1817 typis
1150 1777 1319 1805 excusa
1337 1763 1522 1806 fuerunt
1541 1763 1666 1806 Prati
1683 1764 1729 1806 in
1748 1766 1884 1807 Etru-

242 1841 324 1896 ria,
350 1842 396 1884 in
418 1841 598 1884 officina
621 1839 948 1897 typographica
970 1839 1216 1892 Giachetti,
1243 1840 1322 1882 filii
1345 1846 1390 1883 et
1417 1855 1530 1895 soc.,
1557 1856 1676 1884 anno
1704 1842 1887 1885 Domini

250 1921 378 1974 1883,
409 1934 518 1962 cura
547 1925 592 1962 et
629 1918 780 1961 studio
820 1917 967 1960 Patris
998 1918 1033 1960 F
1037 1917 1227 1960 rancisci
1266 1917 1409 1960 Altini
1439 1919 1486 1962 S.
1514 1920 1557 1976 J.
1591 1920 1648 1961 Et
1680 1921 1792 1963 haec
1820 1927 1888 1964 est

244 1997 388 2054 prima
415 1997 553 2041 editio
581 1996 719 2051 hujus
749 1994 933 2049 codicis,
965 2009 1082 2050 quae
1114 1995 1295 2050 quidem
1325 2010 1429 2038 cum
1458 1997 1705 2053 archetypo
1735 2012 1889 2040 exem—

244 2075 357 2131 plari
374 2075 651 2118 concordare
672 2072 866 2116 videtur.
893 2072 1156 2115 Notandum
1181 2079 1329 2115 tamen
1354 2080 1423 2116 est
1445 2072 1662 2116 editorem
1691 2081 1890 2118 mutasse

245 2152 615 2209 orthographiam
639 2150 872 2207 originalis
895 2149 1135 2193 scribendo
1158 2165 1184 2191 Γ
1202 2165 1282 2205 pro
1305 2165 1349 2202 u,
1372 2157 1417 2193 et
1440 2165 1470 2192 u
1492 2165 1573 2207 pro
1595 2165 1636 2202 v;
1650 2152 1888 2209 fortassis,

246 2246 327 2288 pro
341 2231 556 2289 fortasis,
575 2236 620 2273 et
637 2228 724 2271 alia
741 2227 1016 2283 hujusmodi,
1038 2241 1154 2283 quae
1171 2226 1266 2283 ipse
1284 2228 1430 2270 Nadal
1446 2242 1679 2284 perperam
1702 2243 1783 2285 pro
1806 2243 1889 2272 suo

246 2323 371 2352 more
399 2307 594 2364 scripsit,
629 2306 676 2348 in
713 2308 798 2348 hac
827 2313 978 2348 autem
1017 2304 1214 2347 editione
1246 2306 1485 2348 emendata
1517 2305 1796 2362 prodierunt.
1839 2307 1885 2349 In

245 2386 526 2444 praefatione
555 2391 724 2437 autem,
756 2397 861 2439 pag.
889 2383 986 2434 VH,
1020 2381 1065 2424 ni
1089 2381 1300 2436 fallimur,
1333 2397 1423 2425 non
1452 2390 1574 2426 recte
1606 2383 1888 2439 applicantur

244 2466 300 2508 ab
323 2463 497 2508 editore
519 2462 709 2505 Sclzoliis
734 2459 882 2504 Patris
905 2460 1066 2513 Nadal,
1093 2474 1145 2502 ea
1168 2474 1284 2514 quae
1302 2460 1358 2502 de
1376 2460 1785 2513 Admonition-ibus,
1809 2461 1888 2504 de-

242 2549 366 2586 creto
390 2552 444 2596 57
468 2547 749 2592 statuuntur,
769 2538 840 2581 his
856 2537 1023 2581 verbis:
1050 2536 1423 2580 «Admonitiones
1442 2539 1493 2580 Ρ.
1516 2538 1690 2581 Natalis
1713 2539 1769 2580 ab
1792 2537 1888 2594 ipso

246 2625 527 2676 expurgatae
564 2624 700 2672 atque
728 2616 774 2658 in
804 2615 1006 2659 ordinem
1042 2614 1266 2666 redactae,
1301 2614 1661 2658 Provincialibus
1690 2630 1715 2657 a
1744 2617 1798 2658 R.
1833 2618 1885 2658 P.

246 2697 461 2742 Generali
485 2696 736 2748 tradantur,
764 2701 814 2737 ut
835 2693 921 2737 illis
944 2708 1025 2750 pro
1043 2693 1137 2735 sola
1154 2692 1417 2746 directione,
1438 2693 1561 2735 nulla
1578 2692 1757 2735 interim
1775 2692 1890 2735 obli—

247 2775 432 2832 gatione
454 2773 674 2825 obstricti,
703 2779 933 2815 utantur.»
962 2771 1099 2826 Quod
1122 2776 1274 2812 autem
1304 2769 1485 2812 nomine
1515 2770 1890 2812 Admonitionum

246 2851 547 2909 congregatio
571 2865 661 2893 non
684 2849 959 2905 intelligeret
982 2848 1172 2899 Scholia,
1195 2847 1271 2890 sed
1298 2846 1618 2889 instructiones
1636 2853 1681 2889 et
1703 2847 1888 2901 monita,

249 2944 366 2985 quae
403 2944 494 2971 una
531 2943 634 2971 cum
665 2926 837 2983 regulis
866 2928 919 2970 P.
956 2925 1102 2969 Nadal
1130 2924 1175 2966 in
1210 2923 1431 2980 Hispania
1465 2930 1510 2967 et
1548 2923 1654 2966 alibi
1691 2924 1886 2980 reliquit,

249 3006 487 3065 perspicue
508 3012 694 3063 apparet
715 3005 761 3047 in
789 3004 859 3046 his
881 3002 1032 3046 verbis
1054 3001 1224 3045 decreti
1252 3003 1306 3044 28
1336 3002 1538 3057 ejusdem
1568 3001 1889 3058 congregatio-
