2038 3313
243 192 293 227 ,68
830 193 969 227 EPIST.
998 192 1042 226 P.
1070 191 1318 226 NADAL—16

245 296 305 337 ha
326 295 611 347 confessado‚
637 310 667 350 y
689 298 786 338 esta
809 296 977 346 buena,
1003 293 1282 336 liberandola
1308 294 1350 336 el
1379 294 1525 337 Sefior
1545 293 1619 336 del
1646 292 1782 335 dicho
1805 293 1895 335 mal

245 371 409 428 spiritu
438 374 467 414 ¹.

1024 614 1097 652 ’1ίί

697 737 750 777 Ρ.
789 734 1202 778 HIERONYMUS
1237 734 1456 777 NADAL

543 852 817 890 SANCTO
861 851 1159 889 IGNATIO
1202 853 1285 887 DE
1323 851 1601 889 LOYOLA

639 963 900 1013 Messanae,
928 976 1083 1003 mense
1107 960 1312 1016 Augusti
1336 972 1447 1017 1549
1469 961 1501 1002 ².

815 1080 1014 1126 Epistolae
1042 1080 1320 1125 fragmentum.

243 1198 276 1223 Ι.
308 1187 596 1236 Confitentium
611 1191 647 1223 et
666 1188 1053 1222 communicantium
1074 1188 1267 1222 innostro
1285 1188 1432 1234 templo
1442 1187 1782 1234 frequentiae-2..
1812 1188 1895 1222 Pia

860 1248 1056 1282 sodalitas
1077 1248 1277 1282 instituta.

339 1386 375 1417 Ι.
443 1375 503 1416 Ε5
526 1387 633 1416 0053
655 1375 712 1416 de
728 1373 1038 1417 marauillarse
1055 1374 1098 1416 13
1114 1373 1331 1416 deuotion
1349 1387 1435 1416 con
1453 1387 1542 1429 que
1558 1387 1780 1416 concurre
1796 1380 1892 1416 esta

244 1457 384 1507 gente
405 1455 432 1493 a
453 1451 519 1493 las
541 1450 851 1494 confessiones
872 1466 902 1506 y
919 1450 1231 1502 comuniones‚
1253 1464 1342 1505 que
1358 1449 1591 1492 huuiendo
1606 1449 1773 1493 venido
1791 1457 1891 1493 tan—

245 1535 316 1571 tos
339 1543 447 1584 para
470 1529 513 1570 la
535 1528 666 1571 fiesta
688 1529 744 1571 de
766 1530 809 1571 la
832 1527 1134 1584 Assunption,
1161 1543 1250 1584 que
1272 1530 1463 1571 muehos
1485 1529 1582 1570 dias
1614 1534 1744 1570 antes
1775 1528 1894 1573 della

242 1621 271 1662 y
294 1621 376 1661 por
397 1606 464 1648 135
486 1612 673 1649 octauas
696 1621 755 1649 no
783 1607 1016 1662 podiamos
1044 1607 1294 1657 acauarlos,
1329 1620 1358 1661 y
1390 1604 1771 1661 paresoiendonos
1804 1619 1894 1660 que

243 1698 325 1739 por
347 1684 517 1739 alguna
539 1698 723 1726 semana
751 1687 962 1735 cessaria,
995 1698 1078 1726 nos
1106 1685 1264 1726 hemos
1296 1683 1477 1725 hallado
1509 1683 1775 1738 engafiados
1806 1696 1891 1725 con

242 1762 409 1803 mucha
431 1760 720 1804 consolacion
742 1768 944 1814 nuestra‚
970 1761 1196 1804 veniendo
1219 1761 1331 1803 cada
1353 1761 1395 1802 el
1416 1761 1490 1802 dia
1511 1759 1719 1802 diuersos
1747 1760 1891 1802 confi--

243 1845 410 1890 tentes,
436 1853 465 1893 y
489 1853 581 1880 aun
614 1853 722 1894 ayer
755 1838 1079 1882 comunicaron
1108 1845 1275 1889 tantos,
1313 1852 1402 1892 que
1432 1841 1613 1893 parecia
1644 1851 1734 1879 vna
1760 1837 1890 1879 fiesta

241 1930 350 1971 muy
373 1914 609 1971 principal.

329 2005 371 2035 2.
438 1993 578 2035 Entre
600 1994 666 2036 las
689 2008 906 2049 personas
923 1997 1130 2046 deuotas,
1151 2008 1200 2037 se
1216 1995 1308 2036 han
1319 1992 1513 2048 juntado
1529 1993 1661 2034 hasta
1678 1992 1751 2043 60,
1772 2005 1885 2046 que-

238 2069 396 2112 riendo
418 2071 555 2113 hazer
576 2085 667 2113 vna
689 2076 927 2127 compafiia
948 2087 1060 2128 para
1082 2072 1231 2127 ayuda
1253 2071 1310 2112 de
1338 2070 1406 2112 los
1435 2070 1598 2125 pobres
1625 2082 1884 2124 envergon-

231 2154 394 2201 cantes
415 2162 444 2202 y
467 2149 802 2201 encareelados,
828 2164 858 2204 y
874 2164 957 2192 nos
975 2149 1112 2206 piden
1129 2149 1300 2204 alguna
1316 2161 1501 2189 manera
1517 2147 1574 2188 de
1591 2145 1696 2188 bien
1713 2144 1886 2201 regirse

311 2299 318 2316 ¹
372 2295 433 2331 Cf.
455 2296 675 2342 POLANCO‚
694 2296 859 2339 Charon„
882 2299 912 2344 Ι,
929 2298 1013 2343 368,
1029 2311 1067 2332 n.
1085 2296 1183 2341 342&
1202 2302 1241 2331 et
1257 2296 1582 2340 AGUILERA,]O‹:.
1599 2293 1884 2339 eit.‚n.xxx11.

307 2359 320 2376 ·-’
373 2356 431 2390 Ex
456 2358 697 2402 apographo,
723 2358 763 2392 in
788 2359 918 2404 Epist.
946 2358 1099 2399 Mixtis,
1126 2368 1256 2402 supra,
1277 2355 1315 2390 in
1335 2355 1451 2401 epist.
1475 2363 1517 2399 14
1536 2354 1747 2399 descripto.
1775 2353 1883 2386 Haec

233 2419 365 2449 autem
391 2420 577 2461 excerpta
602 2417 724 2451 habes
755 2417 793 2452 in
822 2418 903 2453 folii
934 2426 979 2462 72
1010 2417 1126 2464 priori
1157 2417 1323 2463 pagella.
1357 2414 1564 2461 Inscriptio
1595 2412 1706 2448 initio
1736 2411 1879 2446 addita:

232 2474 312 2508 Del
330 2486 479 2509 mesmo
506 2475 660 2517 Nadal,
691 2478 737 2511 de
764 2478 928 2524 Agosto.
958 2478 1063 2513 Usus
1090 2482 1150 2511 est
1173 2477 1245 2510 hac
1263 2475 1427 2521 epistola
1446 2475 1653 2516 Polancus,
1682 2473 1754 2506 100.
1782 2470 1881 2505 infra

232 2532 297 2568 cit.
319 2533 555 2569 Sodalitates
575 2547 667 2570 vero
686 2542 841 2572 nostrae
861 2536 1069 2572 Societatis
1088 2537 1234 2570 habent
1260 2535 1299 2570 in
1326 2535 1391 2570 illa
1410 2534 1504 2569 utile
1519 2533 1794 2567 documentum
1814 2541 1890 2576 pro-

231 2593 366 2627 talium
393 2596 745 2640 congregationum
772 2597 934 2632 historia
959 2596 1201 2632 illustranda.
1231 2596 1318 2630 Non
1342 2594 1500 2641 quidem
1531 2594 1720 2627 habemus
1738 2589 1879 2624 consti-

231 2652 403 2688 tutiones
423 2655 471 2688 ab
499 2654 584 2700 ipso
610 2656 654 2691 P.
685 2656 808 2692 Nada]
837 2669 905 2703 pro
931 2657 991 2692 his
1018 2655 1293 2691 sodalitatibus
1319 2653 1568 2700 compositas3
1600 2651 1670 2685 sed
1695 2661 1878 2694 magnum

230 2712 416 2747 indicium
436 2719 496 2749 est
515 2715 600 2750 illas
623 2716 704 2761 jam
731 2721 824 2751 tunc
850 2718 923 2751 sub
942 2716 1212 2751 sanctissimae
1232 2714 1406 2760 Virginis
1432 2714 1555 2748 tutela
1578 2710 1724 2758 positas
1740 2709 1879 2754 fuisse,

229 2772 332 2818 quod
350 2775 412 2808 vel
434 2773 473 2808 in
492 2773 578 2820 ipso
597 2775 698 2810 festo
719 2776 1011 2822 Assumptionis
1034 2775 1242 2821 Deiparae,
1264 2776 1326 2809 vel
1354 2774 1468 2820 paulo
1494 2776 1595 2818 post,
1623 2768 1879 2804 convenerint

228 2830 274 2863 60
292 2831 405 2877 primi
425 2832 577 2868 illarum
593 2835 702 2880 socii,
718 2835 766 2870 de
781 2835 922 2882 quibus
937 2846 1064 2870 sermo
1079 2841 1139 2870 est
1157 2835 1195 2869 in
1215 2835 1286 2869 hac
1305 2834 1482 2880 epistola.
1504 2829 1619 2877 Quod
1642 2833 1750 2864 certe
1775 2828 1878 2862 haud

227 2891 370 2935 exigua
390 2893 472 2927 laus
492 2899 558 2928 est·
579 2894 621 2928 P.
650 2895 790 2941 Nadal,
818 2896 884 2942 qui
911 2895 1069 2942 primas,
1090 2900 1176 2941 post
1204 2893 1414 2940 Ignatium,
1442 2892 1482 2927 in
1507 2888 1726 2937 praecipuis
1746 2887 1876 2922 Socie<

227 2950 318 2985 tatis
350 2952 444 2996 Jesu
476 2952 791 2990 institutionibus
821 2956 966 2990 habere
998 2954 1166 2998 videtur,
1198 2960 1241 2990 ut
1269 2954 1309 2988 in
1333 2952 1449 2998 hujus
1480 2948 1609 2997 operis
1633 2947 1878 2995 praefatione

226 3009 439 3057 innuimus,
459 3017 498 3046 et
517 3012 602 3058 ejus
628 3014 816 3059 epistolae
835 3015 980 3061 passim
1000 3013 1245 3049 confirmant.
