2038 3313
655 201 841 237 CODICES
869 200 911 234 P.
941 198 1092 234 NADAL
1315 245 1318 249 A
1629 206 1697 232 XLI

55 308 216 353 nuensi
254 312 437 351 exarata
467 306 667 356 fuerunt,
699 303 768 346 his
797 302 968 346 verbis:
1007 315 1217 356 «aunque
1240 299 1332 342 casi
1366 302 1579 342 conoscia
1610 313 1697 354 que

55 386 256 443 aquellos
278 384 543 440 escrupulos
566 383 607 426 le
629 384 790 425 hacian
815 381 980 423 mucho
1003 380 1140 433 dano,
1167 392 1256 433 que
1279 380 1395 420 seria
1416 377 1568 419 bueno
1596 376 1697 431 qui-

56 471 124 507 tar
155 463 313 515 dellos;
347 477 442 504 mas
471 476 529 504 no
558 461 601 503 10
629 460 762 516 podia
794 460 992 501 hacauar
1025 455 1236 512 consigo:
1274 469 1473 511 pensava
1505 454 1698 509 algunas

57 555 189 584 vezes
212 555 300 596 que
323 540 364 582 le
387 542 503 582 seria
526 536 723 581 remedio
746 536 976 579 mandarle
994 549 1046 577 su
1056 535 1175 576 »-—F
1178 533 1236 576 ol.
1271 545 1286 575 1
1301 545 1316 575 1
1344 547 1380 574 r.
1406 530 1564 587 incipit
1587 531 1699 573 alter

57 625 243 670 tractus,
269 617 487 673 ejusdem,
516 622 565 658 ut
587 615 782 665 videtur,
814 610 1121 663 amanuensis,
1153 611 1233 653 sed
1260 608 1421 652 litteris
1448 608 1700 651 minoribus

57 702 288 739 exaratus:
320 709 399 737 «su
422 694 656 737 confessor
678 707 735 735 en
758 691 946 734 nombre
968 690 1025 732 de
1047 690 1181 732 lhesu
1200 687 1383 731 Christo
1401 701 1490 742 que
1507 701 1566 728 no
1590 700 1700 728 con—

56 775 277 816 fessase...
293 773 410 814 »—F
414 772 472 814 ol.
505 784 554 815 12
579 786 614 813 r.
636 769 816 813 desinit:
841 767 1123 824 «coligiendo
1142 766 1271 809 todas
1289 770 1482 821 quantas
1499 764 1696 819 ayudas»

54 858 100 894 et
122 850 338 893 continuo
366 849 481 892 redit
511 848 654 905 prima
682 847 927 904 scriptura,
959 844 1121 888 litteris
1143 844 1279 900 paulo
1302 840 1699 899 grandioribus-—

55 930 89 971 F
93 928 150 971 ol.
184 929 232 971 18
257 943 292 970 r.
320 926 501 970 desinit:
541 941 655 982 «que
684 941 740 969 en
764 925 941 980 aquella
969 921 1263 978 conjunction
1291 921 1334 963 le
1368 919 1525 976 podria
1559 933 1703 975 ganas

55 1020 162 1061 para
184 1020 272 1062 que
294 1005 469 1048 dexado
492 1005 533 1047 61
556 1004 743 1057 mundo,
770 1018 818 1046 se
839 1008 1105 1057 entregasse
1128 1000 1201 1042 del
1225 999 1331 1041 todo
1360 998 1401 1041 al
1430 995 1623 1040 servicio
1647 997 1703 1038 de

55 1083 312 1126 Dios.»—F
316 1084 374 1126 ol.
413 1084 462 1125 18
492 1098 535 1133 v,
569 1080 989 1124 vacuum.—Infra:
1026 1077 1233 1134 «seguita
1254 1077 1283 1118 l'
1310 1075 1464 1118 istoria
1486 1074 1532 1116 in
1556 1073 1702 1116 italia-

56 1162 260 1204 no.»—F
264 1161 322 1203 ol.
357 1174 406 1218 19
429 1175 473 1212 v,
500 1159 585 1202 alia
605 1155 766 1202 manu:
798 1159 887 1199 «Et
916 1171 995 1213 per
1027 1162 1155 1212 poter
1181 1153 1426 1210 conseguir
1449 1158 1609 1207 questo
1639 1150 1703 1207 gli

56 1237 220 1282 veniva
242 1238 520 1282 desiderio.n
540 1238 669 1280 »-—F
673 1237 731 1279 ol.
767 1237 820 1279 28
850 1250 894 1288 V,
931 1234 1107 1276 finitur:
1145 1234 1223 1275 «Ιο
1246 1231 1512 1274 desiderava
1540 1230 1704 1272 vedere

56 1317 204 1371 quelle
230 1323 353 1359 carte
380 1316 496 1358 delle
525 1312 837 1358 constitutioni
863 1319 995 1364 tutte,
1022 1318 1066 1354 et
1089 1311 1132 1353 lo
1154 1309 1311 1366 pregai
1334 1323 1405 1351 me
1428 1308 1469 1350 16
1491 1307 1704 1350 lasciasse

58 1408 120 1436 un
142 1408 271 1450 poco,
298 1393 361 1436 lui
383 1408 477 1436 non
500 1393 669 1436 volse.»

149 1472 187 1528 2)
251 1471 347 1514 Fol.
381 1483 437 1528 29
468 1477 615 1513 totum
644 1477 712 1513 est
743 1468 1086 1525 purum.—-Fol.
1124 1480 1178 1521 30
1206 1481 1241 1508 r.
1274 1466 1398 1508 hunc
1426 1464 1562 1506 habet
1592 1462 1702 1505 titu-

57 1549 165 1591 lum:
197 1549 347 1592 «Acta
368 1548 589 1604 quaedam
625 1549 632 1568 ¹
666 1547 766 1590 Rdi.
792 1561 836 1602 p.
870 1562 915 1588 n.
948 1545 962 1565 ²
993 1544 1158 1601 Ignatii
1186 1544 1243 1586 de
1273 1542 1443 1598 Loyola
1471 1540 1476 1599 Ι
1505 1539 1704 1596 primarii

56 1627 307 1670 secundum
352 1628 499 1669 DEUM
548 1624 823 1668 institutoris
857 1623 862 1681 Ι
903 1622 1142 1668 Societatis
1185 1623 1307 1679 JESU
1349 1619 1354 1678 Ι
1398 1622 1416 1641 *
1459 1619 1704 1674 interprete

56 1719 99 1760 p.
125 1705 353 1748 Annibale
381 1705 610 1747 Coudreto
659 1703 664 1761 Ι
693 1702 873 1746 refectis
901 1700 1133 1745 nonnullis
1161 1715 1187 1742 a
1215 1715 1258 1756 p.
1292 1698 1455 1742 natali»
1484 1698 1504 1719 ³*
1533 1697 1566 1739 ⁵.
1603 1696 1703 1739 «Ad

55 1797 224 1825 annum
255 1797 401 1837 usque
429 1781 700 1838 vigesimum
736 1787 914 1824 sextum
951 1779 1035 1822 fuit
1064 1777 1342 1822 vanitatibus
1376 1776 1512 1818 huius
1546 1773 1704 1817 mundi

58 1859 320 1903 deditus...»
348 1861 520 1904 Multae
542 1860 769 1902 interdum
793 1863 1011 1914 apparent
1035 1856 1183 1900 Patris
1206 1855 1352 1899 Nadal
1375 1852 1700 1897 correctiones.
1719 1871 1721 1875 ·

58 1937 406 1980 —Terminatur
428 1938 504 1981 sol.
531 1948 586 1992 45
631 1953 674 1979 v.
711 1954 727 1976 <‹
744 1943 793 1979 ut
821 1950 897 1990 eas
929 1935 1147 1990 tantisper
1175 1933 1285 1975 mihi
1315 1931 1595 1989 permitteret
1621 1931 1704 1972 ha-

59 2015 245 2067 bendas,
272 2015 366 2071 ipse
389 2029 498 2058 vero
526 2014 717 2058 noluit.»
745 2015 803 2056 Et
831 2013 962 2056 infra:
994 2013 1141 2055 «Laus
1165 2010 1350 2054 Christo
1379 2008 1706 2052 crucifixo.»—

59 2093 93 2135 F
97 2093 157 2135 ol.
183 2093 240 2146 46
263 2100 411 2136 totum
432 2107 645 2144 vacuum,
671 2099 846 2148 praeter
863 2093 980 2133 hanc
997 2089 1338 2145 inscriptionem
1357 2087 1419 2130 ibi
1436 2085 1702 2143 appositam:

63 2170 202 2213 «Rdo.
235 2171 350 2226 patri
377 2170 568 2228 ignatio,
600 2170 606 2228 Ι
634 2170 774 2215 Soli.»

149 2248 188 2302 3)
251 2249 286 2291 F
290 2249 347 2291 01.
375 2261 446 2303 47.
474 2248 712 2305 Inscriptio
736 2250 1023 2304 autographa
1049 2250 1099 2290 P.
1122 2246 1290 2290 Nadal:
1316 2246 1410 2287 «Lo
1429 2258 1518 2299 que
1541 2240 1704 2285 scrivio

60 2337 148 2368 m.0
164 2327 178 2346 4
198 2327 422 2382 pedroche
440 2328 580 2383 frayle
598 2328 655 2370 de
672 2342 708 2369 5.
726 2326 944 2383 domingo
961 2341 990 2382 y
1007 2325 1295 2382 presentado,
1316 2324 1357 2366 al
1376 2320 1631 2376 Arzobispo
1650 2320 1706 2363 de

62 2404 235 2465 Toledo
253 2404 405 2448 siliceo
425 2407 484 2448 ὅ.»
512 2406 620 2448 «Fo.
649 2418 685 2456 Ι,
708 2406 766 2448 fa.
789 2416 859 2448 2.a
899 2403 904 2463 Ι
934 2405 1107 2447 Textus
1128 2405 1198 2445 8.»
1231 2401 1237 2460 Ι
1271 2402 1413 2444 «Cum
1432 2399 1552 2442 filius
1570 2400 1705 2455 Igna-

136 2563 144 2582 ¹
196 2560 308 2596 Prius
327 2561 514 2607 scriptum
545 2561 686 2597 fuerat:
721 2562 838 2596 «Pars
867 2561 1011 2605 vitae»;
1044 2559 1114 2595 sed
1145 2560 1188 2594 P.
1210 2558 1350 2604 Nadal,
1375 2557 1435 2592 his
1461 2555 1704 2598 cancellatis,

63 2621 163 2655 Acta
181 2622 378 2667 quaedam
399 2633 515 2668 supra
534 2622 704 2668 scripsit.

132 2681 148 2704 2
196 2681 308 2716 Prius
327 2682 515 2727 scriptum
533 2680 674 2726 fuerat,
695 2682 788 2716 Rdi.
803 2684 845 2728 p.
867 2681 1047 2728 Ignatii;
1072 2684 1210 2726 postea
1227 2689 1321 2713 vero
1347 2689 1463 2724 supra
1482 2676 1625 2711 lineam
1644 2675 1709 2710 ad-

63 2740 160 2775 didit
178 2753 218 2776 n.
239 2741 342 2776 idem
361 2741 404 2776 P.
427 2741 564 2776 Nadal.

133 2801 147 2821 ³
199 2801 311 2846 Quae
329 2801 403 2835 hoc
427 2800 539 2846 signo
564 2802 584 2820 *³
607 2800 908 2844 concluduntur,
935 2804 1026 2835 sunt
1049 2798 1177 2834 Patris
1201 2797 1325 2833 Nadal
1351 2809 1468 2832 manu
1493 2795 1651 2842 scripta,
1671 2800 1711 2829 et

64 2866 200 2906 postea
217 2862 445 2896 cancellata.

136 2922 150 2942 4
200 2920 244 2956 In
263 2933 353 2966 ms.,
372 2929 449 2956 m.0
471 2927 511 2957 et
529 2922 803 2957 cancellatum.

135 2981 148 3000 3
199 2981 311 3015 Prius
330 2981 553 3027 scripserat,
575 2982 744 3027 Syliceo,
765 2980 907 3016 deinde
927 2992 1043 3027 supra
1061 2980 1167 3015 illam
1186 2990 1324 3014 vocem
1342 2976 1599 3013 cancellatam
1620 2976 1711 3011 scri*

68 3039 159 3086 psit,
176 3041 332 3076 Siliceo.
