2038 3313
894 183 1103 228 1545-1546
1773 195 1813 221 21

168 283 283 326 nihil
305 298 405 327 esse
426 284 608 340 negocii
631 283 706 326 illa
726 290 834 326 vota
856 285 1007 338 edere,
1033 285 1156 340 quod
1180 284 1288 328 fecit
1309 291 1359 327 vt
1377 292 1486 328 tunc
1508 300 1601 328 non
1619 287 1815 339 ederem,

166 361 250 404 sed
272 361 336 404 rei
359 361 654 405 dificultatem
678 368 965 417 expectarem
993 364 1021 404 ¹:
1042 377 1096 405 ea
1112 362 1308 418 contigit
1325 363 1339 382 ²
1359 362 1607 419 singularis
1624 366 1817 418 quadam

171 445 320 491 nocte,
346 439 423 481 vbi
445 439 644 495 legerem
673 439 731 481 ad
757 439 916 482 laudes
953 441 1010 481 Te
1038 441 1203 492 Deum,
1233 447 1341 492 etc.,
1369 454 1459 495 qua
1482 439 1813 493 animaduersa,

170 515 434 559 recitatione
465 530 650 572 precum
687 515 959 568 intermissa,
993 516 1203 559 conuerti
1232 532 1304 559 me
1333 517 1390 560 ad
1412 524 1519 559 vota
1544 516 1750 560 facienda
1773 518 1819 559 in

169 593 291 635 hunc
313 594 514 636 modum:

228 681 299 723 70.
366 671 439 713 Ad
457 671 663 728 gloriam
687 671 829 713 Smme
859 674 992 726 atque
1015 672 1287 713 individuae
1318 672 1574 724 Trinitatis,
1591 677 1679 727 per
1696 687 1818 729 gra—

163 747 278 789 tiam
302 749 497 790 Domini
519 749 668 791 nostri
690 749 794 790 Iesu
818 749 874 790 X.
884 748 908 800 2',
931 763 1034 790 cum
1057 763 1237 791 summo
1259 750 1421 791 timore
1444 751 1485 791 et
1508 752 1716 801 tremore,
1735 764 1819 805 ego

166 825 478 881 Hieronymus
502 826 686 868 Natalis
723 840 859 868 vozteo
887 827 984 868 Deo
1012 827 1308 882 omnip0tenti
1336 826 1651 878 obedientiam,
1680 828 1817 868 casti—

166 904 302 944 tatem
325 906 365 944 et
379 907 696 959 paupertatem
730 904 779 945 in
803 918 947 945 manu
970 904 1201 961 praefecti
1235 904 1470 946 societatis
1501 905 1622 946 Iesu.
1657 905 1817 960 Itaque

166 979 246 1021 illa
268 983 368 1022 vota
397 995 498 1022 cum
524 982 689 1037 gratia
717 982 808 1023 Dei
836 981 1078 1023 obseruabo
1109 986 1198 1036 pro
1221 982 1319 1023 eius
1341 981 1573 1024 arbitratu
1602 985 1642 1024 et
1670 983 1815 1034 iussu,

159 1057 425 1099 solemniter
443 1058 578 1100 etiam
594 1060 819 1116 facturus
841 1062 942 1100 vota
970 1058 1091 1111 llaec,
1115 1073 1255 1114 quum
1288 1059 1379 1114 ipsi
1400 1059 1507 1101 bene
1535 1059 1686 1101 visum
1711 1061 1816 1109 fue—

165 1134 242 1176 rit.
278 1136 335 1176 Te
357 1136 507 1177 Deum
531 1136 791 1177 laudamus:
814 1139 852 1177 te
879 1137 1135 1178 Dominum
1169 1136 1461 1192 covrzfitemur:
1488 1136 1569 1178 tibi
1597 1136 1711 1188 laus,
1737 1137 1817 1178 tibi

155 1211 332 1267 gloria,
357 1212 436 1253 tihi
453 1213 728 1269 gratiarum
752 1214 880 1264 actio,
898 1218 985 1268 per
1009 1214 1160 1255 Iesum
1192 1214 1361 1268 Xpum.
1390 1214 1439 1255 in
1468 1214 1618 1255 secula
1647 1215 1815 1269 sempi-

158 1291 309 1331 terna.
336 1291 499 1331 Amen.
527 1289 732 1332 Intellexi
755 1297 908 1332 autem
931 1298 1246 1346 paupertatem
1269 1289 1332 1333 ita
1355 1305 1539 1341 vouere,
1566 1298 1616 1333 vt
1643 1305 1814 1334 vouere

156 1366 308 1409 solent
357 1366 630 1410 scholastici.
679 1368 868 1410 Nullum
907 1368 1226 1410 consulueram
1270 1368 1327 1410 de
1371 1368 1565 1410 formula
1601 1374 1812 1410 votorum

159 1443 434 1497 huiusmodi,
455 1459 540 1487 nec
569 1452 692 1488 certa
720 1445 870 1487 adhuc
898 1452 995 1488 erat
1022 1445 1142 1489 edita
1172 1446 1381 1488 formula.
1417 1446 1678 1488 Consecuta
1700 1445 1812 1488 mira

155 1522 427 1576 consolatio,
455 1531 544 1566 etc.

249 1610 320 1652 71.
388 1601 515 1643 Haec
552 1601 734 1643 narraui
772 1608 929 1657 postea
961 1603 1012 1643 Ρ.
1047 1600 1246 1657 Ignatio:
1272 1601 1502 1656 prouauit3
1528 1601 1650 1644 vnde
1680 1600 1810 1644 facile

159 1675 244 1718 fuit
281 1677 536 1735 intelligere
568 1679 694 1722 illum
723 1678 922 1722 voluisse
951 1678 1135 1734 quidem
1169 1686 1219 1721 vt
1247 1686 1355 1721 vota
1377 1679 1574 1732 ederem,
1608 1678 1810 1721 noluisse

153 1759 309 1797 tamen
326 1770 426 1798 esse
448 1764 696 1800 auctorem.

247 1842 317 1885 72.
385 1833 568 1876 Resciui
591 1849 617 1876 a
641 1836 693 1876 Ρ.
721 1835 983 1877 Domeneco
1007 1833 1176 1876 dixisse
1200 1835 1252 1876 P.
1282 1833 1511 1889 Ignatium
1535 1834 1592 1876 de
1614 1848 1702 1886 me,
1724 1848 1803 1876 an-

156 1914 337 1963 tequam
359 1910 693 1954 confessionem
717 1911 983 1963 audiuisset,
1010 1926 1146 1966 quarn
1169 1910 1231 1952 illi
1257 1911 1343 1953 feci
1366 1910 1412 1952 in
1430 1910 1673 1954 exercitiis:
1711 1912 1807 1953 «De

149 1985 240 2028 ‘hoc
263 1986 348 2029 erit
370 1987 501 2030 nobis
524 1988 706 2041 dificile,
734 1989 840 2044 quia
857 1996 926 2032 est
950 1989 1111 2044 plenus
1141 1987 1470 2040 melancholiis,
1496 1995 1545 2030 vt
1574 1987 1710 2031 etiam
1733 1988 1805 2030 in-

147 2062 305 2106 dicant
335 2064 432 2107 eius
470 2066 604 2119 oculi3
648 2066 914 2118 timendum,
957 2065 994 2109 si
1026 2065 1253 2108 Dominus
1291 2065 1418 2108 illum
1447 2081 1538 2108 non
1568 2072 1718 2118 vocet,
1746 2080 1805 2108 ne

151 2141 284 2196 plane
320 2142 541 2186 efficiatur
578 2143 933 2187 melancholicus
957 2150 1002 2187 et
1030 2157 1217 2186 sensum
1240 2142 1431 2185 amittat.
1460 2144 1596 2186 Nunc
1618 2142 1694 2185 hic
1718 2141 1804 2199 (in-

147 2217 263 2274 quit)
302 2220 400 2261 vult
428 2220 600 2263 seruire
627 2223 742 2273 Deo,
774 2227 820 2264 et
848 2235 941 2264 non
969 2227 1163 2276 potest.»
1192 2221 1327 2263 Nunc
1351 2234 1460 2262 vero
1483 2234 1533 2262 se
1555 2221 1673 2263 bene
1696 2234 1801 2275 spe—

152 2310 252 2338 rare
275 2297 457 2339 Patrem
481 2295 695 2357 [dixisse];
716 2299 883 2341 debere
905 2313 978 2340 me
1001 2312 1139 2354 agere
1155 2299 1255 2340 Deo
1279 2296 1450 2353 gratias
1468 2311 1549 2353 pro
1566 2296 1802 2340 beneficiis

149 2373 367 2429 acceptis,
400 2388 528 2416 orare
549 2389 630 2430 pro
652 2374 990 2430 perseuerantia
1013 2383 1058 2418 et
1087 2374 1360 2426 constantia,
1393 2373 1599 2417 «tametsi
1624 2373 1800 2431 (inquit)

149 2450 335 2493 habebit
358 2451 672 2495 tribulationes
694 2460 740 2496 et
757 2453 771 2473 ³
792 2453 944 2495 forsan
962 2452 1213 2509 grauiores3
1235 2452 1316 2494 sed
1332 2454 1460 2495 Deus
1477 2466 1583 2495 eum
1607 2451 1800 2494 adiuua-

148 2526 228 2580 bit3
255 2527 567 2571 diminuentur
584 2529 962 2585 perturbationes,
984 2530 1278 2585 augebuntur
1295 2528 1648 2581 consolationes,
1672 2529 1799 2571 futu-

148 2619 247 2647 rum
269 2614 318 2648 vt
339 2614 513 2662 partem
537 2607 731 2662 paradisi
754 2614 912 2664 gustet
934 2607 981 2649 in
1004 2609 1090 2649 hac
1113 2606 1207 2648 vita
1233 2607 1262 2648 ².

222 2763 230 2782 ¹
282 2762 337 2797 Ut
356 2773 410 2796 sc.
432 2761 618 2807 majorem
637 2761 685 2796 de
704 2774 746 2797 se
761 2762 846 2808 ipso
865 2762 1070 2797 victoriam
1088 2761 1388 2808 adipisceretur.

217 2823 230 2841 '2
282 2820 346 2855 Sc.
366 2821 589 2865 difficultas,
610 2821 696 2856 sive
714 2822 974 2868 repugnantia
993 2827 1085 2856 vota
1104 2821 1261 2856 edendi.

179 2872 183 2879 ¹
221 2880 234 2899 ³
285 2880 374 2926 Ms.‚
394 2883 444 2920 et,
464 2883 514 2922 et,
535 2880 732 2916 iteratum.

220 2940 234 2959 ⁴
284 2939 481 2984 Ignatium
499 2939 561 2974 hic
578 2941 846 2987 prophetasse,
861 2941 917 2976 rei
932 2946 1099 2976 eventus
1118 2942 1232 2987 plane
1251 2940 1536 2986 comprobavit,
1554 2945 1596 2974 ut
1615 2951 1675 2983 ea,
1697 2950 1796 2986 quae

146 2994 188 3032 in
206 2996 327 3044 ipsius
342 2999 384 3033 P.
402 2999 525 3034 Nada]
545 3000 723 3046 epistolis
743 3006 782 3036 et
795 3000 920 3046 gestis
935 3000 1036 3035 infra
1046 3000 1170 3035 videri
1186 3005 1386 3047 poterunt,
1399 2999 1553 3036 abunde
1570 2998 1795 3034 ostendent.
