2038 3313
241 214 289 248 60
820 217 959 253 EPIST.
989 218 1033 253 P.
1062 217 1313 254 NADAL—lo

237 315 390 359 studio
417 317 426 337 ¹
463 323 508 360 et
536 317 594 360 de
627 317 670 360 13
706 318 990 375 Compagnia
1024 334 1152 363 esere
1189 322 1519 377 grandemente
1552 328 1777 365 cressutta
1810 336 1892 378 ap-

232 408 391 449 presso
429 393 474 436 di
513 401 673 449 queste
708 396 877 451 populo
915 403 960 439 et
995 412 1076 453 per
1115 404 1234 441 tutta
1271 399 1314 441 la
1351 398 1510 441 insola.
1554 400 1644 442 Tra
1687 398 1752 455 gli
1789 398 1891 442 altri

236 470 517 526 rispondenti
536 472 584 513 fu
597 471 834 516 domenica
850 473 1007 517 Vltima
1024 474 1054 516 il
1073 477 1119 518 M
1126 486 1183 518 ‚ro
1203 483 1392 532 regente
1408 475 1454 517 di
1474 476 1698 528 Palermo,
1718 477 1891 519 huomo

229 547 281 590 di
304 549 446 591 multa
468 548 680 603 autorita,
712 556 758 592 et
786 552 872 593 che
899 552 942 594 al
969 552 1190 608 principio
1219 560 1450 595 mostraua
1479 552 1555 608 piu
1584 559 1737 609 presto
1765 552 1887 597 inse-

234 639 383 680 gnare
405 627 545 668 che...
572 625 604 669 ².

1035 843 1108 882 1⁰

677 952 730 992 P.
768 952 1183 996 HIERONYMUS
1219 953 1438 996 NADAL

527 1057 800 1095 SANCTO
844 1059 1144 1096 IGNATIO
1188 1061 1270 1095 DE
1314 1059 1591 1098 LOYOLA

684 1156 937 1209 Messanae,
959 1156 1266 1214 menseJunio
1291 1167 1402 1214 1549
1420 1158 1451 1200 ³.

801 1262 1001 1308 Epistolae
1028 1262 1307 1308 fragmentum.

303 1371 336 1397 Ι.
367 1363 496 1398 Sacra
515 1363 747 1398 ministeria
766 1364 808 1398 in
830 1364 1056 1399 Pentecoste
1074 1367 1111 1399 et
1121 1365 1231 1411 festo
1249 1367 1429 1412 corporis
1452 1365 1708 1401 Christi.—2.
1737 1366 1818 1401 Des

554 1423 689 1458 Freux
708 1424 919 1470 (Frusius)
938 1425 1146 1460 dioecesim
1160 1429 1389 1472 pactensem
1407 1427 1570 1461 lustrat.

329 1556 365 1586 Ι.
433 1544 554 1599 Aqui
579 1559 661 1599 por
682 1544 836 1600 gracia
859 1545 916 1588 de
937 1544 1066 1597 Dios,
1094 1546 1224 1588 todos
1247 1553 1445 1589 estamos
1462 1546 1584 1598 bien,
1610 1561 1640 1601 y
1658 1561 1782 1589 emos
1800 1548 1883 1588 ha·-

234 1621 340 1664 uido
362 1635 477 1677 gran
500 1635 724 1664 concurso
746 1626 772 1664 a
794 1622 861 1664 los
885 1630 1192 1666 sacramentos
1215 1630 1335 1666 estas
1358 1624 1526 1676 fiestas3
1549 1630 1691 1675 tanto,
1714 1637 1803 1678 que
1824 1637 1885 1665 no

232 1713 283 1741 se
304 1699 427 1755 pudo
448 1698 655 1754 predicar
677 1700 719 1742 el
741 1699 935 1755 primero
958 1701 1032 1743 dia
1060 1701 1117 1743 de
1144 1701 1187 1743 la
1218 1704 1491 1744 Pentecoste
1519 1716 1601 1757 por
1628 1701 1694 1743 las
1723 1715 1882 1743 comu—

233 1776 408 1828 niones,
435 1790 523 1832 que
546 1790 649 1819 creo
671 1780 818 1820 serian
841 1778 897 1820 de
922 1790 1007 1821 200
1030 1793 1245 1834 personas
1269 1783 1295 1821 ὁ
1317 1783 1429 1832 mas3
1455 1794 1484 1834 y
1513 1783 1539 1821 a
1561 1779 1628 1821 los
1651 1792 1882 1821 sermones

228 1854 290 1896 de
319 1855 518 1897 Maestro
547 1855 732 1897 Andrea
757 1855 772 1874 4
806 1871 835 1911 y
863 1855 1080 1899 lectiones
1108 1860 1221 1899 mias
1250 1871 1470 1899 concurre
1499 1871 1614 1913 gran
1637 1855 1876 1898 auditorio.

233 1933 316 1974 Asi
339 1945 512 1974 mesmo
543 1932 584 1974 el
606 1932 680 1974 dia
707 1933 780 1976 del
812 1934 987 1988 Corpus
1020 1934 1195 1976 Christi
1222 1933 1460 1977 concurrio
1489 1935 1663 1990 grande
1692 1937 1882 1976 numero

227 2009 290 2052 de
317 2024 534 2065 personas
571 2014 596 2053 a
634 2011 675 2053 la
713 2011 972 2054 confession
1001 2027 1029 2067 y
1058 2012 1318 2055 comunion.
1353 2013 1514 2054 Hazen
1542 2013 1608 2054 los
1637 2010 1884 2054 exercicios

232 2086 346 2130 siete
368 2091 395 2129 0
418 2089 533 2130 ocho
556 2103 770 2143 personas
793 2090 924 2132 hasta
946 2090 988 2132 la
1006 2089 1240 2133 confesion
1259 2090 1459 2145 general.

308 2256 317 2275 ¹
371 2255 551 2290 Studium
569 2255 631 2290 hic
651 2268 718 2302 pro
737 2256 905 2301 collegio
923 2256 1103 2302 sumitur,
1123 2256 1223 2291 sicut
1242 2256 1333 2291 olim
1358 2256 1635 2291 universitates
1658 2256 1796 2291 studia
1813 2267 1883 2302 ge-

234 2315 395 2348 neralia
415 2316 754 2362 nuncupabantur,
774 2316 836 2351 Cf.
858 2318 1047 2351 DENJFLE
1065 2315 1284 2360 (Heinrich)
1303 2315 1351 2353 O.
1380 2316 1458 2362 Pr„
1479 2317 1557 2351 Die
1586 2315 1878 2350 Vniversiz‘dten

233 2375 301 2408 des
318 2374 578 2409 Mittelalters
597 2376 654 2410 bis
672 2386 787 2420 1400.
808 2375 940 2410 Berlin
962 2376 1066 2422 1885,
1085 2388 1173 2422 pag.
1196 2385 1316 2421 10-29.

303 2436 316 2455 ⁹2
369 2435 652 2470 Desiderantur
670 2436 709 2470 in
724 2437 948 2482 apographo
963 2436 1099 2472 ultima
1118 2438 1251 2481 verba,
1267 2448 1366 2482 quae
1382 2448 1430 2470 ex
1445 2435 1646 2482 hispanico
1665 2433 1880 2481 exemplari

229 2495 491 2529 transcribere
517 2495 579 2530 hic
599 2495 724 2541 juvat:
753 2497 809 2531 «al
838 2495 1029 2542 principio
1052 2497 1163 2530 hazia
1182 2498 1262 2530 mas
1289 2502 1459 2531 muestra
1483 2496 1531 2530 de
1551 2498 1717 2530 ensefiar
1734 2506 1810 2541 que
1829 2493 1877 2528 de

224 2553 405 2600 disputat
422 2567 496 2590 000
515 2557 572 2590 los
591 2568 666 2602 que
686 2562 1010 2602 argumentauan,
1030 2568 1112 2590 mas
1137 2556 1305 2602 despues
1325 2568 1367 2590 se
1387 2556 1535 2591 reduxo
1554 2558 1574 2590 3
1593 2560 1677 2590 otro
1697 2554 1810 2589 modo
1829 2553 1877 2588 de

229 2614 432 2659 proceder.
455 2614 550 2650 Dios
568 2622 728 2651 nuestro
749 2617 872 2651 Sefior
891 2628 933 2651 se
953 2616 1057 2651 sirua
1075 2616 1123 2650 de
1143 2616 1249 2661 todo,
1269 2628 1380 2650 como
1406 2628 1499 2651 saue
1524 2627 1586 2650 no*
1600 2627 1662 2650 ser
1686 2620 1769 2649 otra
1787 2625 1878 2649 cosa

231 2680 390 2709 nuestra
409 2674 647 2710 intencion.»
669 2676 729 2711 Cf.
751 2676 970 2721 POLANCO,
990 2675 1154 2717 Clzron„
1176 2676 1207 2721 I,
1227 2674 1399 2720 370-371.

305 2735 319 2755 ⁵
370 2735 427 2769 Ex
458 2737 693 2782 apographo,
726 2736 765 2770 in
797 2736 925 2782 Epist.
959 2735 1112 2776 Mixtis,
1144 2736 1362 2780 1539-1548
1395 2735 1506 2778 (alias
1537 2736 1615 2769 vol.
1642 2735 1707 2780 A),
1732 2733 1878 2780 duplici

233 2793 315 2840 fol„
346 2803 412 2840 190
436 2798 492 2839 (71
521 2801 562 2830 et
585 2799 660 2840 72).
688 2796 788 2830 Vide
814 2808 945 2842 supra,
972 2795 1087 2842 epist.
1113 2804 1149 2841 7,
1175 2802 1308 2830 annot.
1339 2795 1681 2830 1.—Desideratur
1705 2796 1777 2829 hoc
1803 2793 1877 2828 fra-

229 2859 435 2899 gmentum
454 2854 493 2889 in
513 2856 725 2901 exemplari
744 2855 890 2901 italico,
910 2855 1022 2900 cujus
1042 2860 1192 2890 tantum
1213 2855 1379 2901 primum
1398 2855 1464 2890 fol.
1487 2859 1609 2899 extat,
1629 2853 1816 2899 secundo,
1835 2857 1878 2887 ut

233 2913 403 2960 videtur,
423 2914 611 2949 abscisso.
632 2915 788 2950 Titulus
807 2915 898 2949 huic
916 2914 1138 2960 fragmento
1157 2915 1353 2961 praefixus
1373 2919 1446 2950 est:
1467 2915 1528 2949 De
1546 2917 1656 2948 otras
1674 2915 1720 2947 de
1730 2912 1875 2959 Junio,

227 2973 296 3008 del
314 2986 461 3008 mesmo
482 2974 629 3009 Nadal.
652 2976 736 3010 Hac
755 2974 921 3021 epistola
941 2987 1034 3009 usus
1054 2980 1114 3009 est
1134 2975 1176 3009 P.
1199 2975 1381 3019 Polanco,
1404 2973 1567 3015 Chron„
1589 2974 1621 3018 I,
1640 2971 1811 3017 373-374.

306 3036 320 3054 ²*
372 3034 549 3069 Andreas
568 3035 638 3070 des
658 3036 786 3069 Freux
805 3034 1011 3078 (Frusius).
