2038 3313
262 210 330 237 120
838 203 977 236 EPIST.
1006 202 1049 236 Ρ.
1079 200 1328 236 NADAL—38

351 304 512 356 Padre,
538 303 585 345 in
609 310 785 358 questa,
811 320 837 347 a
866 303 1011 359 gloria
1039 303 1083 345 di
1116 318 1197 345 sua
1225 302 1380 345 diuina
1410 301 1616 353 Maiesta,
1649 302 1913 345 laudaremo

259 380 290 423 il
313 381 510 437 Signore
532 382 650 424 nelle
672 395 808 437 opere
832 383 917 423 che
940 396 1019 436 per
1042 396 1124 423 sua
1147 378 1453 423 misericordia
1483 378 1520 421 si
1548 379 1699 434 degna
1727 380 1834 422 dare
1862 379 1911 422 in

260 465 422 514 questo
446 473 529 500 suo
552 458 746 514 collegio
769 465 813 501 et
837 457 1212 514 congregatione,
1238 457 1311 499 del
1340 457 1454 499 altro
1484 462 1634 510 tempo
1662 463 1912 499 remetten—

260 536 361 578 doci
384 536 469 579 alle
493 535 664 587 scritte,
686 537 782 578 solo
804 535 996 578 dicendo
1019 534 1124 577 delli
1148 533 1292 576 Vltimi
1316 532 1427 576 mesi
1450 532 1496 574 in
1514 533 1727 588 generale
1744 532 1908 588 primo,

261 620 306 656 et
329 612 450 668 dipoi
473 612 520 655 in
541 612 827 669 particulare.

359 703 394 733 Ι.
461 689 548 733 Noi
572 704 658 732 con
688 691 729 732 la
759 689 906 745 gratia
937 690 1009 731 del
1038 688 1232 744 Signore
1261 686 1534 743 seguitiamo
1562 685 1780 729 essercitii
1807 686 1911 730 lite-

263 767 367 810 rarii
405 774 451 810 et
488 766 729 822 spirituali,
761 766 825 822 gli
854 766 927 808 doi
951 780 1037 809 con
1060 765 1124 821 gli
1153 764 1362 816 scholari,
1389 763 1453 820 gli
1481 762 1704 819 spirituali
1732 778 1818 806 con
1847 763 1911 819 gli

265 844 382 897 altri,
409 852 455 887 et
479 843 702 886 trouiamo
727 843 833 886 farsi
857 858 969 899 gran
995 843 1136 884 frutto
1160 856 1246 884 con
1268 848 1533 897 augmento,
1554 840 1584 882 il
1606 842 1690 883 che
1707 840 1917 884 vediamo

266 922 339 965 nel
361 935 584 964 concurso
606 921 724 963 della
746 920 921 963 chiessa
943 927 988 962 et
1013 918 1265 973 frequentia
1287 918 1332 961 di
1354 916 1629 961 confessioni
1645 924 1691 960 et
1707 931 1903 960 commu-
1960 928 1963 929 ⁷

266 998 406 1049 nioni,
438 1005 483 1041 et
521 997 885 1053 sperimentiamo
914 997 960 1038 in
990 996 1137 1051 questi
1170 994 1392 1038 essercitii
1420 996 1559 1037 molta
1586 993 1914 1046 consolatione,

267 1082 313 1118 et
335 1075 520 1118 alacrita
541 1075 588 1117 di
611 1089 764 1127 cuore,
791 1081 836 1117 et
859 1073 1008 1116 animo
1030 1073 1075 1115 di
1098 1087 1274 1116 crescer
1296 1072 1341 1114 di
1364 1072 1581 1115 continuo
1604 1072 1678 1115 nel
1700 1070 1912 1127 Signore.

270 1153 306 1194 E
329 1153 511 1208 publica
534 1167 646 1195 voce
669 1151 831 1194 essersi
854 1150 1061 1193 rinouata
1084 1158 1244 1204 questa
1267 1157 1386 1192 terra
1413 1149 1458 1191 di
1488 1149 1562 1205 poi
1591 1150 1676 1191 che
1703 1149 1747 1190 la
1774 1149 1914 1191 Com-

268 1229 436 1285 pagnia
465 1232 489 1273 6
518 1229 564 1271 in
593 1244 707 1273 essa.
741 1228 831 1272 Noi
861 1228 1023 1271 stiamo
1052 1227 1157 1270 tutti
1188 1234 1314 1270 tanto
1342 1227 1567 1282 occupati,
1600 1233 1645 1269 et
1670 1225 1914 1282 principal-

269 1314 421 1350 mente
459 1306 698 1358 sacerdoti,
739 1308 824 1348 che
861 1320 1018 1360 spesso
1055 1319 1147 1347 non
1175 1311 1356 1360 potemo
1387 1305 1593 1347 attender
1621 1319 1646 1346 a
1668 1302 1791 1356 tutti,
1823 1309 1868 1345 et
1890 1304 1917 1345 e

271 1385 527 1428 necessario
550 1386 692 1427 hauer
715 1400 775 1426 vn
798 1384 971 1439 grande
994 1390 1039 1425 et
1061 1382 1259 1425 distritto
1281 1382 1438 1425 ordine
1459 1382 1532 1425 del
1555 1389 1721 1437 tempo,
1748 1379 1918 1437 princi-

272 1462 500 1517 palmente
530 1476 608 1517 per
636 1461 699 1517 gli
723 1460 877 1503 studii.
910 1462 985 1502 Ex
1012 1461 1240 1502 occasione
1268 1459 1305 1502 si
1337 1461 1395 1503 ha
1424 1460 1536 1502 fatto
1567 1466 1613 1502 et
1644 1459 1687 1501 fa
1713 1473 1774 1500 vn
1803 1472 1922 1513 gran

275 1539 433 1592 frutto,
455 1541 539 1582 che
557 1538 603 1580 in
622 1539 727 1581 tutti
750 1538 813 1595 gli
832 1537 1092 1581 monasterii
1115 1537 1157 1581 ia
1178 1539 1234 1581 de
1257 1537 1413 1593 alguni
1436 1536 1546 1579 mesi
1564 1536 1600 1579 si
1620 1537 1921 1592 frequentano

274 1616 548 1659 confessioni
578 1624 623 1659 et
651 1615 974 1668 communioni,
1006 1622 1051 1658 et
1079 1615 1451 1671 principalmente
1473 1615 1591 1657 nelle
1613 1615 1728 1657 feste
1748 1612 1916 1668 princi-

273 1693 379 1749 pali,
405 1700 451 1736 et
473 1694 510 1736 si
533 1696 592 1737 ha
614 1694 868 1737 comincato
890 1694 933 1736 ia
956 1709 982 1736 a
1003 1693 1209 1749 predicar
1230 1692 1277 1735 in
1298 1692 1471 1749 alguni.
1503 1693 1537 1734 Il
1565 1693 1634 1736 Sr.
1669 1690 1818 1733 vicere
1847 1696 1918 1733 sta

275 1772 414 1813 molto
431 1771 641 1815 edificato
659 1772 773 1814 della
793 1786 930 1826 opera
947 1778 992 1814 et
1011 1772 1059 1813 ln
1076 1772 1345 1813 tsrsszz'uwsum
1364 1776 1483 1812 tutta
1498 1770 1541 1812 la
1559 1776 1678 1812 terra
1694 1775 1739 1812 et
1751 1781 1914 1823 regno.

275 1847 323 1892 Si
347 1849 484 1891 fanno
506 1849 644 1891 molte
666 1848 940 1892 confessioni
963 1847 1165 1904 generali
1188 1862 1266 1904 per
1288 1846 1545 1890 rinouation
1573 1846 1617 1888 di
1647 1845 1756 1897 vita,
1781 1844 1811 1886 il
1834 1846 1920 1887 che

275 1926 300 1967 e
323 1925 565 1978 ordinario,
591 1925 628 1968 si
651 1940 903 1981 procurano
926 1925 1041 1981 paci,
1068 1926 1371 1981 perdonanze,
1397 1938 1526 1967 come
1547 1937 1746 1975 occorre,
1772 1929 1817 1965 et
1834 1923 1920 1964 che

277 2001 313 2043 si
331 2002 539 2045 ordinino
562 2004 603 2046 le
627 2002 793 2045 familie
815 2004 857 2045 al
879 2018 987 2046 vero
1005 2002 1134 2046 viuer
1151 2002 1411 2054 christiano,
1437 2001 1474 2044 si
1491 2002 1642 2044 danno
1660 1999 1878 2043 essercitii
1896 2014 1923 2042 a

279 2079 450 2122 homini
474 2086 519 2122 et
540 2080 691 2124 donne
714 2081 832 2123 nella
854 2080 1024 2123 chiesia
1045 2087 1214 2131 nostra,
1241 2095 1267 2122 a
1288 2079 1498 2131 scholari,
1524 2094 1550 2121 o
1579 2093 1772 2134 persone
1799 2083 1921 2132 apte,

279 2171 370 2198 non
393 2172 450 2200 ne
471 2157 622 2201 diamo
644 2173 692 2201 se
715 2173 806 2200 non
829 2159 1043 2210 districte,
1066 2173 1092 2200 o
1115 2159 1211 2201 sola
1228 2158 1270 2200 la
1292 2156 1434 2213 prima
1456 2155 1711 2209 settimana3
1731 2154 1921 2198 habbia-

281 2248 355 2276 mo
376 2235 516 2277 molto
548 2249 767 2278 concorso
797 2235 843 2277 in
873 2235 1108 2291 risponder
1136 2250 1162 2277 a
1190 2234 1282 2277 casi
1310 2233 1355 2276 di
1383 2233 1675 2286 conscientia,
1705 2247 1798 2275 non
1826 2232 1926 2274 solo

279 2310 323 2352 di
346 2311 536 2367 peccati,
562 2327 635 2354 ma
656 2315 854 2356 anchora
876 2312 981 2355 delli
1003 2311 1154 2366 iurati,
1180 2311 1252 2354 chi
1275 2326 1366 2354 non
1388 2312 1540 2353 hanno
1569 2325 1675 2353 cosa
1703 2312 1786 2353 che
1814 2323 1923 2365 pos—

279 2387 349 2429 sin
371 2388 578 2432 dubitare
601 2390 651 2431 in
666 2391 780 2447 foro
802 2391 1097 2432 conscientiae
1120 2391 1204 2432 che
1226 2403 1318 2431 non
1340 2387 1598 2430 consultino
1620 2402 1705 2430 con
1729 2386 1819 2429 noi.

370 2477 410 2507 2.
478 2465 553 2508 Gli
583 2466 802 2509 essercitii
829 2467 971 2510 nostri
1000 2467 1046 2509 in
1074 2467 1222 2510 littere
1254 2481 1413 2519 sonno,
1446 2467 1530 2508 che
1557 2465 1603 2507 di
1637 2478 1687 2522 19
1714 2466 1799 2507 che
1830 2463 1896 2507 sia

280 2557 369 2595 mo,
398 2543 493 2586 fora
515 2543 578 2599 gli
600 2543 646 2585 di
668 2544 870 2597 seruitio,
897 2560 924 2602 9
946 2544 1191 2601 leggiamo:
1220 2558 1243 2599 3
1267 2542 1398 2587 classi
1421 2542 1467 2585 in
1495 2542 1806 2599 grammatica,
1831 2557 1926 2584 vna

281 2619 326 2661 in
348 2620 600 2673 humanita,
626 2636 715 2665 vna
737 2621 783 2663 in
806 2622 1045 2675 rethorica,
1073 2637 1161 2664 vna
1184 2621 1230 2664 in
1252 2621 1416 2677 logica,
1441 2635 1530 2664 vna
1553 2620 1599 2662 in
1622 2618 1922 2676 philosophia,

284 2712 373 2739 vno
397 2698 532 2753 legge
554 2713 708 2754 greco,
730 2700 897 2742 hebreo
915 2707 960 2742 et
978 2699 1205 2751 Euclides,
1226 2706 1272 2742 et
1293 2713 1384 2741 vno
1407 2696 1650 2754 theologia.
1678 2696 1727 2740 Si
1743 2710 1876 2739 serua
1893 2695 1924 2737 il

278 2894 396 2929 finem
416 2900 606 2939 vergente
625 2906 725 2929 anno
748 2904 832 2939 1551
855 2896 944 2931 data
962 2895 1082 2931 fuerit
1100 2902 1214 2943 prout
1238 2908 1287 2931 ex
1311 2896 1374 2942 iis,
1400 2907 1499 2942 quae
1525 2895 1565 2930 in
1588 2894 1672 2941 ipsa
1694 2899 1928 2929 enarrantur

277 2953 482 2999 perspicue
502 2959 675 3000 apparet.
696 2955 801 2990 Usus
817 2960 877 2989 est
895 2956 966 2990 hac
991 2955 1157 3002 epistola
1180 2956 1223 2990 P.
1250 2956 1470 3001 POLANCO,
1498 2954 1659 2997 Chron„
1688 2953 1740 2999 ΙΙ,
1764 2962 1843 2997 219
1852 2962 1926 2997 240

279 3013 450 3058 saepius.
472 3012 533 3048 Cf.
551 3013 669 3048 etiam
692 3014 785 3048 Litt
809 3015 1045 3058 Ouadrim„
1067 3016 1099 3062 1,
1117 3023 1203 3060 474-
1206 3023 1289 3060 479.
