2038 3313
206 187 275 223 662
777 187 914 222 EPIST.
943 185 987 221 P.
1015 183 1286 229 NADAL-187

299 290 544 346 Inscriptio
568 290 617 333 in
641 292 810 346 quarta
825 288 1030 346 pagina:
1046 250 1146 345 Jlis.
1174 287 1246 330 Ao
1269 286 1360 342 muj
1386 300 1457 330 em
1482 284 1666 330 Christo
1684 286 1737 327 Ρ.
1760 286 1805 328 M
1814 295 1851 326 ,Ο

207 370 372 413 doutor
409 367 676 412 Hieronimo
714 367 876 419 Nadal,
917 364 1178 409 comissairo
1216 364 1343 421 geral
1380 363 1438 406 da
1475 361 1758 419 Companhia
1795 362 1851 406 de

205 448 330 505 JeSU.

298 524 406 567 Alia
438 537 602 566 manu:
645 523 770 578 1562.
807 524 972 578 Braga.
1004 520 1154 578 Diego
1184 521 1383 565 Aluarez
1413 518 1643 563 Cisneros.
1676 517 1735 561 Di
1763 519 1852 561 Fe—

208 601 350 646 braio.

298 679 472 722 Eadem
496 693 639 722 manu
661 680 863 734 incoepta
877 678 1046 736 suerat
1068 677 1176 719 haec
1203 677 1298 719 alia
1326 676 1564 731 inscriptio
1592 674 1642 716 in
1671 684 1748 727 4st
1766 677 1855 729 pa—

207 758 353 815 gina:
387 757 513 812 1562.
549 759 714 813 Eraga.
750 758 802 799 P.
835 754 1043 808 Manue13
1073 754 1151 798 sed
1177 759 1440 811 perperam,
1475 752 1657 809 ideoque
1688 751 1857 801 relicta;

213 850 302 878 non
327 838 478 877 tamen
500 835 657 877 deleta.

301 912 494 957 Nullum
518 913 764 970 vestigium
787 911 951 969 sigilli.

986 1113 1095 1153 18?

750 1217 1048 1253 EMMANUEL
1075 1216 1323 1251 ALVAREZ

559 1303 768 1346 PATRI
814 1301 1243 1345 HIERONYMO
1287 1301 1532 1344 NADAL

597 1397 937 1451 Conimbricae,
965 1398 1021 1440 26
1044 1395 1279 1440 Februarii
1310 1396 1418 1451 1562
1450 1397 1476 1438 ¹.

216 1495 275 1531 De
296 1494 513 1531 virtutibus
534 1494 685 1545 Patris·
693 1493 981 1540 provincialis:
1007 1493 1054 1528 de
1073 1492 1317 1528 scholasticis
1335 1492 1379 1527 in
1400 1491 1638 1526 Societatem
1657 1488 1865 1536 cooptatis:

454 1555 500 1591 de
518 1556 739 1602 augmento
758 1553 1032 1589 convictorum
1051 1552 1228 1601 collegii:
1247 1553 1294 1588 de
1312 1551 1538 1599 magistri&
1555 1553 1626 1586 etc.

980 1635 1115 1731 Jegus

312 1774 423 1829 Muy
448 1772 562 1816 Rdo.
587 1786 645 1815 en
667 1769 850 1815 Christo
875 1769 1038 1813 Padre.

318 1853 415 1894 Pax
431 1849 618 1894 Christi.

315 1931 524 1985 Despues
546 1928 603 1971 de
626 1942 698 1971 me
730 1926 1037 1971 encomendar
1064 1939 1122 1968 en
1152 1939 1231 1968 sus
1263 1931 1419 1968 santos
1441 1922 1688 1980 sacrificios
1719 1938 1749 1980 y
1771 1938 1873 1966 ora·

303 2075 313 2095 ¹
364 2074 424 2108 Ex
442 2072 698 2118 autographo,
727 2070 766 2106 in
801 2071 926 2105 Lusit.
954 2070 1084 2117 Epist.
1117 2069 1339 2115 1561-[563.
1361 2069 1416 2110 II,
1442 2068 1589 2116 duplici
1613 2068 1697 2110 fol„
1718 2068 1800 2114 539.
1822 2070 1878 2104 Ex

230 2133 349 2169 variis
368 2132 505 2168 erratis
530 2131 646 2178 hujus
670 2130 860 2178 epistolae
879 2135 1041 2177 apparet
1064 2130 1221 2164 Patrem
1247 2129 1417 2164 Alvarez
1442 2128 1683 2176 hispanicam
1708 2128 1880 2175 linguam

234 2206 311 2229 non
338 2198 417 2228 tam
444 2194 547 2227 bene
565 2197 608 2227 ut
622 2191 782 2227 latinam
801 2189 1004 2234 calluisse3
1024 2189 1087 2224 hic
1102 2189 1206 2224 enim
1223 2188 1298 2225 fuit
1316 2194 1451 2224 auctor
1467 2188 1808 2235 grammaticarum
1827 2188 1882 2224 in-

234 2253 485 2290 stitutionum
504 2251 661 2297 linguae
681 2250 839 2294 latinae,
859 2250 907 2285 de
925 2249 1068 2296 quibus
1083 2249 1172 2284 vide
1190 2249 1524 2294 SOMMERVOGEL,
1543 2250 1817 2296 Bibliotlquue
1834 2250 1881 2284 de

234 2315 275 2350 la
298 2313 340 2349 C.
361 2314 408 2349 de
418 2312 560 2358 J.—1n
582 2310 677 2346 Cod.
697 2311 744 2346 16
761 2310 1006 2346 desideratur
1029 2309 1144 2356 hujus
1164 2308 1290 2344 Patris
1315 2321 1481 2344 examen
1499 2321 1719 2344 commune.
1736 2311 1793 2344 Ex
1812 2309 1881 2344 du-

236 2373 342 2421 plici,
362 2372 465 2419 quod
484 2375 724 2416 asservatur,
748 2371 846 2405 haec
870 2369 1131 2416 excerpimus.
1159 2370 1335 2404 Examen
1358 2381 1427 2416 pro
1452 2369 1663 2415 magistris.
1690 2378 1781 2404 «1...
1814 2368 1880 2404 Soi

235 2434 284 2469 de
303 2444 325 2478 4
344 2437 470 2467 votos.
492 2440 525 2466 2.
547 2431 626 2466 Leo
643 2431 790 2466 hebreo
808 2442 834 2476 y
852 2429 1032 2465 confesso
1050 2430 1107 2465 los
1126 2429 1272 2464 Padres
1290 2442 1316 2476 y
1334 2430 1539 2465 hermanos
1566 2429 1629 2465 del
1647 2429 1814 2475 collegio
1832 2429 1880 2464 de

238 2496 338 2529 baxo
357 2505 382 2539 y
401 2495 422 2527 a
441 2493 498 2527 los
524 2491 572 2526 de
590 2490 720 2534 fuera3
740 2503 765 2537 y
784 2489 958 2525 tambien
987 2493 1097 2525 torne
1124 2492 1145 2525 3
1170 2501 1304 2536 passar
1331 2491 1494 2535 algunas
1513 2502 1631 2525 vezes
1658 2491 1694 2525 la
1712 2491 1839 2536 logica
1857 2502 1881 2536 y

239 2553 482 2600 philosophia
501 2552 757 2587 brevemente
773 2561 842 2597 por
860 2562 1019 2596 parecer
1036 2550 1099 2585 del
1119 2549 1348 2596 provincial,
1367 2563 1393 2597 y
1412 2550 1567 2585 estudio
1585 2551 1677 2585 alas
1696 2561 1813 2585 vezes
1832 2550 1884 2584 al-

240 2625 366 2659 gunas
384 2624 496 2648 cosas
515 2611 563 2646 de
582 2612 619 2646 13
637 2611 834 2656 theologia
852 2609 1098 2645 scholastica.
1118 2611 1178 2645 De
1199 2609 1310 2645 todas
1337 2615 1442 2645 estas
1460 2622 1572 2645 cosas
1597 2610 1697 2646 ando
1717 2622 1809 2657 muy
1827 2621 1884 2644 re·

244 2673 356 2718 miso,
377 2684 445 2719 por
476 2684 570 2706 aver
589 2671 750 2706 muchos
768 2681 891 2705 annos
910 2682 986 2716 que
1007 2675 1108 2705 trato
1132 2680 1205 2705 con
1229 2669 1504 2705 humanidade.
1532 2670 1725 2706 Tambien
1749 2672 1800 2706 161
1818 2681 1887 2717 por

243 2734 408 2778 algunos
428 2737 636 2776 maestros,
660 2743 687 2778 y
705 2730 885 2766 examine
905 2729 1163 2765 estudiantes.
1184 2729 1219 2765 3.
1241 2730 1275 2765 A
1301 2741 1397 2765 unos
1416 2729 1556 2775 indios,
1584 2743 1660 2777 que
1679 2731 1822 2766 vienen
1841 2730 1889 2765 (16

244 2793 300 2827 las
319 2792 465 2837 Indiam,
486 2794 648 2836 ensefie‚
668 2803 693 2837 y
712 2791 852 2825 mueho
871 2789 1032 2836 tiempo,
1058 2802 1084 2835 y
1103 2793 1250 2825 ensefio
1270 2802 1387 2836 agora
1412 2793 1433 2825 a
1457 2802 1534 2826 uno
1553 2790 1677 2825 dellos
1696 2791 1732 2825 la
1750 2789 1891 2825 doctri-

245 2864 307 2895 na,
327 2865 351 2898 y
372 2851 546 2887 tambien
564 2851 703 2885 dantes
721 2852 743 2885 a
760 2854 867 2884 otros
885 2851 1116 2884 mochachos
1135 2849 1183 2884 de
1202 2861 1306 2896 casa,
1325 2863 1351 2896 y
1369 2862 1439 2897 por
1453 2861 1571 2885 vezes
1587 2862 1635 2885 en
1654 2851 1711 2886 las
1728 2851 1890 2884 classes.

245 2913 359 2946 Estes
379 2922 424 2956 40
443 2911 526 2946 dies
544 2912 656 2946 hasta
674 2921 791 2956 agora
810 2920 859 2944 no
877 2908 979 2944 hize.
1005 2918 1040 2953 4.
1063 2909 1165 2955 Algo
1183 2909 1398 2945 debilitado
1418 2922 1479 2945 me
1498 2911 1599 2945 alho.
1621 2917 1655 2953 5.
1684 2910 1744 2944 De
1762 2910 1891 2944 buena

247 2976 376 3007 mente
395 2971 504 3006 fuera
522 2982 639 3013 figora
658 2969 826 3015 novicio,
846 2981 993 3016 porque
1011 2970 1059 3004 ha
1083 2970 1222 3005 muchs>
1250 2970 1396 3016 tiempo
1414 2981 1489 3017 que
1508 2970 1609 3005 ando
1628 2969 1707 3004 mui
1725 2970 1821 3004 flaco
1840 2981 1888 3003 en

247 3032 302 3067 las
321 3042 429 3066 cosas
454 3030 689 3078 spirituales.
711 3032 892 3077 Despue's
917 3042 992 3077 que
1012 3042 1073 3065 me
1099 3030 1270 3066 hizieron
1295 3030 1487 3077 professo,
1512 3031 1629 3076 algt'in
1654 3040 1750 3076 poco
1776 3031 1885 3064 torne-
