2038 3313
455 195 641 236 ComcEs
668 209 724 236 AD
751 194 794 236 P.
824 194 976 234 NADAL
1001 195 1090 234 Nou
1116 201 1410 233 PERTINENTES
1685 198 1756 235 m

787 340 974 390 'codex
1005 346 1113 388 26·

205 489 406 532 Collectio
427 489 653 532 eborensis
675 487 1207 545 epistolarium—Codex
1235 482 1538 530 bibliothecae
1567 487 1763 530 eboren-

112 590 190 643 sis,
222 591 353 647 cujus
381 592 494 635 haec
525 597 594 635 est
621 590 879 647 signatura:
901 574 1015 660 §gi—11¹¹·
1048 590 1129 632 Est
1165 589 1379 632 volumen
1422 588 1469 631 in
1509 589 1567 632 f.0
1603 588 1765 633 minori

110 705 385 747 pergamena
406 698 670 748 coopertum
707 697 753 734 et
782 697 1085 747 compactum,
1130 703 1215 748 390
1245 691 1293 733 ff.
1335 689 1456 747 sign.
1495 697 1542 734 et
1582 690 1764 747 scriptis

109 776 339 822 constans,
367 776 413 812 et
434 781 463 823 4
484 768 641 812 vacuis
669 783 753 812 nec
780 768 900 825 sign.
934 768 980 811 in
1008 769 1114 811 fine.
1158 769 1283 811 Ante
1306 768 1382 810 fol.
1422 780 1438 811 1
1474 767 1597 825 sign.
1631 783 1764 825 repe—

109 845 288 890 riuntur
312 861 336 902 3
359 848 406 890 ff.
434 848 551 901 alba,
578 862 719 889 unum
737 846 937 902 insuper,
964 845 1009 888 in
1033 860 1124 902 quo
1141 853 1210 888 est
1226 844 1375 901 operis
1392 844 1644 902 inscriptio,
1669 856 1691 900 5
1712 847 1759 889 ff.

108 938 201 967 non
223 924 363 980 sign.,
389 924 467 967 ubi
490 932 558 968 est
581 924 732 976 index,
754 931 799 967 et
818 923 904 967 alia
923 936 946 966 2
965 924 1012 966 ff.
1035 937 1193 966 vacua.
1217 922 1471 979 Inscriptio:
1495 918 1761 967 «PRIMEI-

111 1003 194 1045 RO
230 1004 410 1046 TOMO
444 1003 569 1046 DAS
603 1003 853 1046 CARTAS
886 1003 1016 1057 QUE
1056 1002 1134 1045 OS
1170 1001 1416 1045 PADRES
1450 1002 1486 1043 E
1519 991 1762 1045 IRMAOS

110 1080 199 1122 DA
228 1081 611 1123 COMPANHIA
649 1081 685 1121 E
724 1079 977 1123 OVTRAS
1019 1079 1296 1122 PESSOAS
1342 1071 1758 1122 EscREVERIxo

110 1158 191 1200 DE
214 1158 518 1201 DIVERSAS
542 1158 785 1200 PARTES
808 1157 865 1200 de
895 1157 1153 1199 EVROPA
1176 1157 1306 1211 QUE
1327 1148 1463 1199 DAO
1495 1157 1757 1199 NOTICIA

108 1236 191 1277 DE
219 1235 335 1279 SEV
376 1236 510 1278 BOM
550 1235 862 1278 PRINCIPIO
894 1235 931 1276 E
964 1235 1180 1277 FELICE
1209 1234 1575 1278 SVCCESSO.»
1610 1234 1760 1277 Multa

108 1299 311 1356 continet
348 1314 611 1369 apographa
649 1311 965 1368 epistolarum,
1008 1318 1221 1354 accurate
1258 1318 1304 1354 et
1342 1310 1485 1355 nitide
1529 1318 1758 1355 transum—

109 1396 308 1446 ptarum.

784 1495 970 1537 Codex
1005 1494 1083 1536 ‘27

197 1612 399 1656 Collectio
437 1612 662 1655 eborensis
700 1611 1128 1668 epistolarum—In
1166 1610 1323 1654 eadem
1361 1609 1639 1656 bibliotheca
1669 1626 1754 1669 pu-

973 1697 1071 1724 CVIII

104 1713 222 1757 blica
244 1713 452 1758 eborensi
475 1715 560 1758 sub
584 1715 669 1757 hac
691 1713 944 1770 signatura:
975 1739 1085 1784 —2-53—.
1124 1714 1204 1756 Est
1237 1703 1325 1756 vol.
1369 1713 1415 1757 in
1460 1714 1520 1756 f.0
1572 1713 1752 1768 minori,

103 1817 221 1860 bene
249 1823 552 1872 compactum,
583 1822 628 1859 et
658 1815 780 1859 corio
804 1815 1027 1859 concinne
1051 1825 1317 1871 coopertum
1340 1815 1435 1871 jam
1460 1816 1515 1859 ab
1547 1815 1754 1872 antiquo.

104 1895 296 1938 Constat
318 1895 404 1951 649
426 1895 473 1936 ff.
500 1893 618 1950 sign.
647 1892 778 1936 Initio
802 1908 910 1937 vero
932 1894 1070 1937 habet
1099 1904 1146 1948 15
1167 1894 1214 1935 ff.
1241 1908 1333 1936 non
1351 1893 1492 1950 sign.,
1514 1908 1707 1949 quorum
1732 1907 1754 1937 2

102 1972 250 2028 priora
278 1973 395 2025 alba,
430 1983 544 2026 3.um
568 1970 773 2014 continet
801 1970 1160 2028 inscriptionem,
1187 1983 1304 2025 4‚um
1335 1971 1506 2025 album,
1539 1982 1648 2026 5-12
1673 1973 1756 2015 ha-

101 2087 211 2129 bent
248 2085 443 2129 indicem
481 2086 789 2143 epistolarum,
833 2085 918 2128 tria
955 2100 1079 2141 seqq.
1108 2100 1269 2128 vacua.
1304 2084 1559 2142 Inscriptio:
1607 2049 1751 2130 «Ii-IS.

102 2165 286 2208 LIBRO
321 2166 404 2207 DE
434 2165 551 2209 LAS
580 2171 728 2207 cartas
751 2165 808 2207 de
830 2163 1097 2207 edificacion
1120 2178 1209 2219 que
1232 2178 1280 2206 se
1301 2164 1507 2206 hallaron
1529 2164 1587 2206 de
1610 2165 1754 2208 Roma

100 2256 130 2297 y
151 2242 344 2298 algunas
367 2249 487 2285 otras
509 2249 660 2298 partes
682 2246 778 2284 mas
801 2242 1023 2294 notables,
1044 2241 1102 2284 de
1125 2242 1297 2284 Padres
1326 2242 1382 2283 de
1407 2242 1449 2285 la
1482 2242 1752 2297 Compafiia,

101 2334 130 2375 y
152 2334 368 2375 personas
390 2321 516 2363 fuera
538 2320 656 2363 della
678 2335 766 2376 que
789 2320 879 2362 dan
902 2318 1069 2362 noticia
1092 2320 1148 2362 de
1170 2334 1224 2361 su
1247 2319 1369 2362 buen
1387 2318 1608 2375 principio
1630 2334 1660 2375 y
1686 2320 1755 2363 fe-

103 2397 188 2441 lice
208 2412 467 2454 progresso,
510 2413 598 2454 que
626 2397 859 2453 comienca
887 2397 960 2440 del
985 2403 1072 2453 ano
1090 2397 1147 2439 de
1184 2407 1289 2451 1541
1323 2398 1455 2440 hasta
1487 2397 1529 2439 el
1551 2397 1609 2439 de
1643 2398 1755 2454 1569

103 2474 371 2519 inclusiue»,
390 2477 441 2519 In
459 2490 594 2532 opere
612 2477 778 2519 Cartas
791 2476 861 2519 del
876 2476 932 2518 Β.
953 2475 1112 2527 Ραόνο,
1128 2489 1234 2531 pag.
1257 2476 1376 2528 VIII,
1394 2473 1612 2517 asseritur
1629 2476 1753 2517 hunc

103 2553 305 2596 codicem
328 2552 578 2608 antiquitus
608 2553 654 2596 in
682 2552 876 2609 collegio
904 2552 1252 2596 conimbricensi
1285 2559 1568 2596 asservatum
1592 2551 1749 2606 fuisse,

101 2637 146 2672 et
173 2629 279 2674 inde
310 2637 468 2687 postea
489 2631 546 2673 ad
568 2631 794 2687 publicam
825 2631 1091 2674 eborensem
1114 2629 1438 2673 bibliothecam
1463 2630 1748 2673 translatum.

100 2708 163 2750 At
185 2709 440 2764 praefectus
464 2708 610 2752 eidem
632 2708 935 2752 bibliothecae
957 2707 1183 2762 eborensi,
1210 2707 1368 2764 paucis
1392 2707 1559 2750 abhinc
1588 2707 1752 2750 diebus

101 2784 231 2828 nobis
255 2785 367 2828 dixit
389 2801 439 2829 se
467 2786 648 2843 quidem
678 2786 934 2830 existimare
963 2800 1198 2842 nunquam
1227 2786 1284 2828 ad
1307 2784 1551 2841 collegium
1576 2784 1751 2828 conim—

98 2861 306 2906 bricense
327 2865 449 2907 hunc
472 2863 674 2907 codicem
696 2864 984 2920 pertinuisse,
1010 2863 1117 2907 licet
1139 2870 1264 2906 certo
1281 2877 1373 2906 non
1390 2869 1569 2906 constet
1594 2862 1750 2918 cujus-

101 2954 205 2982 nam
228 2940 410 2997 collegii
434 2940 570 2984 fuerit
592 2942 648 2984 ab
672 2940 814 2984 initio.
841 2941 964 2983 Idem
988 2939 1231 2983 dicendum
1255 2940 1312 2983 de
1341 2940 1445 2983 cod.
1472 2940 1750 2996 praeceden—

103 3015 151 3070 ti,
180 3017 256 3078 qui
279 3018 336 3062 ad
357 3019 476 3063 hanc
498 3018 640 3078 ipsam
664 3018 978 3063 collectionem
1002 3024 1208 3076 spectare
1230 3017 1427 3062 videtur.
