2038 3313
322 207 419 235 xvm
889 196 1135 232 PRAEFATIO
1161 202 1397 231 GENERALIS

322 316 375 345 ac
398 301 587 358 proinde
605 315 694 344 non
713 300 893 357 proprie
910 299 1175 355 arclzetypae
1197 298 1548 355 nuncupandae,
1575 297 1655 340 sed
1678 299 1965 353 transuit-wia

321 379 627 436 originalium3
655 392 771 434 quae
794 385 944 422 tamen
967 376 1152 420 omnino
1181 376 1472 420 authenticae
1495 382 1618 427 sunt,
1651 381 1696 417 et
1725 382 1851 417 tanta
1873 376 1968 417 fere

320 456 605 509 auctoritate,
627 462 797 512 quanta
814 454 911 511 ipsa
927 453 1182 510 originalia,
1204 455 1390 510 pollent,
1413 461 1462 496 ut
1479 467 1559 509 per
1574 467 1622 495 se
1640 458 1779 508 patet.
1800 453 1967 494 Extant

321 534 615 577 nihilominus
637 533 791 589 plures
817 531 994 575 litterae
1023 533 1296 588 archetypae
1323 533 1467 575 sancti
1496 534 1531 574 F
1535 532 1726 576 rancisci
1754 533 1811 575 de
1833 530 1968 586 Borja

322 613 378 655 ad
417 613 470 655 P.
512 611 674 663 Nadal,
717 608 846 652 annis
891 610 1143 664 1566—1572
1182 609 1377 653 maxima
1414 618 1539 666 parte
1570 613 1717 654 datae.
1750 609 1968 665 Reliquae

318 704 444 744 vero,
471 690 527 732 ab
550 687 648 731 aliis
672 702 808 744 quam
831 702 855 730 a
880 686 1172 744 generalibus
1195 687 1464 743 praepositis
1487 689 1635 743 datae,
1662 687 1819 745 paucis
1839 689 1968 731 dem—

319 767 425 824 ptis,
468 773 576 809 sunt
614 765 809 809 maxima
846 771 974 822 parte
1016 766 1344 822 autographae,
1387 767 1633 809 nonnullae
1676 767 1964 822 archetypae,

319 859 492 902 paucae
515 845 822 901 apographae.

409 924 587 966 Rursus
609 920 852 965 discrimen
877 921 1094 964 faciemus
1117 921 1235 964 inter
1257 920 1470 977 epistolas
1493 923 1550 965 ad
1573 924 1626 966 P.
1654 922 1800 966 Nadal
1821 922 1965 973 datas,

319 1015 436 1056 quae
457 999 504 1042 in
528 1000 739 1057 Regestis
768 999 1029 1041 litterarum
1054 999 1100 1041 S.
1129 999 1322 1056 Ignatii,
1349 1006 1394 1041 et
1428 1014 1519 1054 eas,
1553 1015 1669 1056 quae
1701 999 1746 1042 in
1776 998 1969 1056 regestis

318 1077 508 1121 aliorum
531 1076 814 1134 generalium
837 1076 1146 1130 continentur3
1179 1091 1283 1120 nam
1312 1076 1537 1120 ducentae
1565 1085 1610 1121 et
1633 1077 1825 1134 amplius
1846 1076 1969 1120 litte—

318 1170 394 1199 rae
416 1157 463 1200 S.
491 1154 657 1211 Ignatii
680 1155 735 1198 ad
761 1157 813 1197 P.
835 1154 982 1197 Nadal
1004 1155 1219 1210 perlatae,
1246 1169 1438 1210 quarum
1463 1163 1746 1212 transumpta
1767 1154 1813 1197 in
1839 1165 1861 1210 5
1885 1169 1968 1198 vo-

943 1235 952 1253 ¹
984 1246 1089 1275 mox
1117 1232 1388 1289 evulgandis
1417 1240 1723 1286 asservantur,
1755 1248 1847 1276 non
1874 1232 1965 1285 hic,

318 1233 566 1276 luminibus
604 1234 908 1289 Regestommz

318 1312 397 1355 sed
421 1326 512 1354 una
534 1325 638 1354 cum
661 1310 846 1366 reliquis
868 1310 1113 1367 ignatianis
1135 1310 1337 1367 epistolis
1365 1310 1412 1353 in
1436 1312 1566 1354 Nova
1589 1311 1716 1354 Seria
1738 1312 1968 1354 excuden—

317 1397 406 1442 tur;
433 1388 650 1445 epistolae
672 1403 781 1432 vero
801 1391 894 1431 PP.
922 1388 1105 1440 Lainez,
1134 1388 1269 1444 Borja
1291 1396 1336 1432 et
1366 1388 1640 1432 Mercuriani
1663 1389 1719 1432 ad
1744 1391 1796 1432 P.
1823 1387 1969 1432 Nadal

316 1467 363 1510 in
401 1481 558 1510 eorum
597 1466 790 1523 regestis
823 1466 1136 1523 consignatae,
1177 1465 1224 1509 in
1267 1468 1351 1510 hac
1395 1466 1662 1510 collectione
1703 1466 1970 1510 inserendae

319 1544 444 1589 visae
466 1552 590 1588 sunt.

408 1622 493 1666 His
522 1623 748 1670 accedunt
785 1623 955 1665 multae
992 1621 1226 1678 epistolae,
1257 1623 1332 1665 vel
1360 1622 1447 1665 alia
1475 1623 1750 1666 documenta
1782 1622 1967 1675 inedita,

318 1715 451 1757 quae,
479 1707 575 1743 tum
598 1700 655 1743 ad
683 1700 912 1756 epistolas,
940 1708 1036 1743 tum
1059 1701 1116 1743 ad
1139 1707 1270 1756 gesta
1294 1702 1345 1743 P.
1374 1700 1520 1744 Nadal
1542 1700 1808 1744 illustranda
1830 1700 1970 1756 perti—

318 1785 444 1832 nent3
485 1792 630 1833 eaque
668 1777 830 1834 partim
868 1777 915 1819 in
941 1777 1314 1821 annotationibus
1344 1777 1627 1834 singularum
1658 1778 1965 1834 epistolarum,

319 1856 482 1912 partim
504 1855 551 1897 in
574 1855 901 1911 appendicibus
919 1855 1144 1898 dabimus.

409 1935 567 1976 Restat
585 1933 766 1976 tandem
785 1932 871 1976 alia
888 1932 1028 1976 series
1045 1932 1353 1988 epistolarum,
1374 1934 1431 1976 de
1448 1933 1614 1989 quibus
1633 1933 1763 1976 nobis
1787 1933 1967 1989 quidem

318 2017 496 2054 constat
519 2025 574 2053 ex
598 2009 733 2053 variis
755 2010 1041 2053 documentis
1064 2011 1352 2067 evulgandis,
1378 2027 1404 2054 a
1428 2013 1480 2054 P.
1514 2011 1660 2054 Nadal
1687 2011 1966 2068 conscriptas

319 2088 473 2141 fuisse,
506 2089 579 2131 vel
616 2089 673 2131 ad
711 2087 859 2144 ipsum
897 2089 1047 2141 datas;
1090 2088 1350 2144 frequenter
1387 2088 1540 2142 etiam,
1571 2096 1615 2132 et
1645 2096 1965 2145 argumentum

317 2166 531 2223 ipsarum,
558 2172 603 2209 et
626 2180 716 2220 quo
740 2172 942 2221 tempore
964 2166 1096 2209 datae
1126 2165 1310 2219 fuerint,
1343 2173 1501 2209 notum
1525 2174 1610 2219 est,
1644 2167 1822 2210 tametsi
1844 2166 1967 2223 ipsae

317 2243 534 2300 epistolae
556 2242 826 2286 interierint.
854 2245 943 2286 Eas
965 2250 1118 2286 autem
1141 2243 1187 2286 in
1209 2244 1411 2300 generali
1430 2245 1638 2301 catalogo
1657 2244 1963 2300 epistolarum,

319 2336 451 2376 quem
476 2322 532 2364 ad
555 2322 725 2364 calcem
749 2321 912 2377 operis,
939 2323 1038 2365 Deo
1056 2321 1263 2377 juvante,
1291 2321 1620 2375 exhibebimus,
1647 2322 1805 2365 ordine
1833 2324 1965 2365 chro-

317 2398 529 2455 nologico
552 2406 771 2442 annotare
799 2398 1009 2441 sufficiat.

408 2477 460 2519 II.
528 2477 876 2520 EPISTOLARUM
910 2479 960 2519 P.
995 2478 1165 2520 NADAL
1189 2478 1716 2521 ARGUMENTA.—Plura
1738 2477 1874 2521 millia
1892 2477 1965 2521 lit—

318 2561 514 2597 terarum
538 2553 846 2609 pervolvimus
869 2568 925 2597 ex
946 2553 1083 2597 variis
1106 2554 1366 2610 provinciis,
1390 2555 1593 2611 collegiis
1616 2562 1661 2598 et
1683 2555 1887 2611 personis
1909 2556 1965 2597 ad

317 2630 547 2687 Ignatium
571 2637 616 2673 et
639 2630 750 2673 alios
772 2632 1010 2687 generales
1033 2632 1236 2687 proxime
1258 2631 1299 2675 ei
1322 2633 1619 2676 succedentes
1647 2634 1791 2686 datas3
1817 2633 1964 2676 nullas

316 2723 425 2751 vero
443 2715 531 2751 tam
556 2708 689 2764 plene
711 2715 756 2750 et
777 2708 1032 2752 luculenter
1054 2709 1111 2751 de
1135 2710 1271 2751 rebus
1300 2717 1343 2752 et
1367 2710 1571 2765 personis
1599 2717 1780 2753 nostrae
1808 2709 1965 2754 Socie-

317 2785 422 2828 tatis
444 2785 665 2829 rationem
694 2785 883 2828 reddere
906 2785 1224 2841 comperimus,
1252 2801 1386 2841 quam
1420 2787 1595 2831 litterae
1618 2787 1766 2830 Patris
1800 2787 1964 2830 Hiero-

314 2862 437 2918 nymi
471 2863 631 2906 Nadal.
669 2863 786 2905 Cum
817 2862 935 2905 enim
964 2862 1060 2918 ipse
1090 2862 1212 2905 vices
1242 2863 1384 2919 ipsius
1412 2864 1685 2908 institutoris
1723 2864 1965 2909 Societatis

385 3029 396 3049 ¹
450 3029 548 3064 Vide
569 3029 683 3076 infra,
704 3029 802 3065 Cod.
827 3039 882 3075 17.
