2038 3313
235 249 304 289 740
799 242 936 276 EPIST.
966 239 1009 272 P.
1038 238 1188 272 NADAL
1199 244 1314 271 ῃ202

234 344 499 389 Aimondoa
545 345 573 395 ¹,
608 350 755 386 rector
788 343 861 386 del
900 341 1094 397 collegio
1123 341 1180 384 de
1209 341 1394 383 Tornon
1421 339 1458 393 ¹³,
1491 353 1579 395 que
1616 337 1754 381 hauia
1789 335 1880 390 ido,

233 437 362 466 como
386 422 499 465 solia
522 428 643 464 otras
672 435 806 463 ueses
829 420 882 472 ir,
913 419 1188 462 llamandole
1216 418 1258 460 el
1289 417 1594 474 gouernador,
1620 420 1646 459 a
1678 414 1884 472 predicar

232 515 289 544 en
313 500 491 556 aquella
513 498 694 551 ciudad;
719 497 952 542 embiaron
981 501 1006 539 a
1029 496 1141 538 dizir
1164 496 1206 538 al
1235 497 1402 538 senhor
1424 495 1481 538 de
1505 496 1692 537 Tornon
1724 499 1758 545 ⁰,
1794 507 1882 548 que

231 593 281 621 es
302 577 488 620 sobrino
512 577 568 619 de
590 576 633 619 la
660 577 812 619 buena
839 574 1056 618 memoria
1085 574 1157 616 del
1186 573 1400 617 cardenal
1428 573 1484 615 de
1513 573 1700 615 Tornon
1722 570 1758 624 d,
1794 583 1883 626 que

232 657 296 699 les
320 663 558 711 otorgasse
576 661 667 697 tres
685 668 815 697 cosas
831 654 987 709 luego,
1009 651 1046 695 si
1064 666 1123 695 no
1141 655 1354 707 querrian
1373 666 1461 706 que
1480 650 1721 693 ueniessen
1739 662 1882 691 manu

231 736 416 776 armata
438 736 464 775 a
486 733 568 774 dar
590 732 722 774 sobre
738 738 755 758 e
772 732 815 775 la
838 730 988 773 tierra.
1028 731 1093 773 Lo
1117 729 1246 786 prim.
1261 740 1300 781 0,
1335 743 1424 784 que
1447 744 1503 772 en
1534 728 1621 770 ella
1648 741 1708 770 no
1732 740 1780 769 se
1813 724 1883 767 di-

232 825 357 854 sesse
379 810 531 853 missa:
558 810 602 853 10
626 812 705 862 2.⁰,
732 823 821 864 que
842 809 911 852 los
933 815 1146 852 nuestros
1169 808 1353 852 fuessen
1377 807 1575 850 echados
1596 805 1670 848 del
1686 802 1885 859 collegio

304 993 323 1013 a
351 986 431 1020 Alt.
449 996 526 1030 ap.,
544 982 807 1018 Aimondaeb
836 981 917 1016 Alt.
934 993 1012 1027 ap.,
1035 981 1286 1015 Turno'n.—C
1318 980 1399 1014 Alt.
1415 990 1494 1025 ap.,
1518 976 1770 1013 Taruda—d
1801 977 1882 1012 Alt.

231 1058 309 1093 ap.,
333 1046 584 1080 mimda—0
616 1042 696 1077 Alt.
717 1053 796 1088 ap.,
815 1052 893 1076 non
909 1042 1028 1076 habet
1047 1041 1171 1082 sobre,
1191 1039 1262 1075 sed
1280 1051 1356 1075 em.

305 1170 313 1188 ¹
365 1167 425 1202 En
450 1175 617 1200 examen
642 1163 757 1209 hujus
783 1161 935 1208 egregii
955 1162 1048 1197 viri:
1071 1161 1387 1209 «Responsiones
1406 1160 1455 1196 ad
1469 1171 1697 1195 communes
1719 1159 1884 1195 interro-

228 1226 423 1274 gationes.
447 1233 478 1259 Ι.
500 1223 702 1259 Emundus
722 1221 935 1268 Augerius.
957 1231 992 1257 2.
1015 1223 1151 1258 Annos
1172 1227 1287 1257 natus
1306 1233 1392 1257 sum
1412 1230 1457 1267 29
1476 1227 1516 1256 et
1533 1220 1714 1267 amplius.
1731 1218 1766 1254 3.
1788 1219 1883 1254 Sum

228 1287 372 1333 gallus,
393 1283 618 1332 provinciae
639 1282 892 1329 Campaniae,
913 1282 1164 1329 episcopatus
1184 1281 1391 1318 trecensis.
1411 1291 1446 1326 4.
1467 1281 1625 1316 Patrem
1651 1279 1779 1326 amisi,
1805 1292 1884 1315 ma-

230 1353 330 1382 trem
350 1351 444 1393 puto
464 1356 552 1379 esse
571 1342 841 1390 superstitem.
862 1352 897 1387 5.
919 1343 1091 1378 Fortuna
1110 1348 1221 1378 erant
1241 1342 1297 1377 illi
1316 1341 1411 1377 satis
1432 1342 1574 1387 ampla,
1593 1352 1682 1375 cum
1698 1352 1884 1386 egressus

230 1419 317 1442 sum
335 1406 471 1441 domo:
493 1404 560 1440 vix
579 1404 661 1439 scio
680 1403 773 1450 quid
793 1402 870 1438 illis
890 1408 1028 1449 postea
1051 1402 1278 1448 contigerit,
1304 1401 1535 1448 praesertim
1559 1401 1689 1446 matri,
1713 1412 1813 1447 quae
1838 1400 1885 1435 ad

229 1465 423 1502 secundas
442 1464 599 1511 nuptias
618 1463 714 1499 satis
734 1462 926 1498 infaustas
945 1462 1116 1509 transiit,
1144 1468 1187 1498 ut
1214 1461 1343 1497 audio.
1372 1461 1407 1496 6.
1433 1462 1589 1497 Fratres
1616 1462 1743 1496 habeo
1770 1461 1882 1506 duos3

228 1529 394 1562 alterum
413 1524 508 1560 satis
527 1524 693 1560 divitem
712 1529 752 1559 et
771 1524 1016 1570 opulentum,
1032 1524 1199 1558 alterum
1216 1534 1290 1569 ego
1305 1522 1354 1557 de
1369 1521 1570 1557 Societate
1586 1533 1673 1557 esse
1689 1526 1798 1569 puto.
1816 1521 1884 1556 So-

230 1599 357 1622 rorem
377 1586 538 1631 nullam,
558 1583 661 1631 quod
681 1583 777 1628 scio,
797 1585 939 1619 habeo.
960 1591 995 1628 7.
1016 1584 1168 1618 Dabam
1187 1582 1314 1618 literis
1333 1594 1491 1629 operam
1517 1583 1566 1617 ab
1592 1581 1754 1617 ineunte
1779 1587 1885 1617 aeta-

230 1654 283 1692 te3
305 1652 436 1682 tamen
455 1650 537 1680 tum
557 1644 745 1691 temporis
764 1645 950 1679 versabar
968 1644 1008 1679 in
1027 1644 1133 1679 curia
1158 1655 1330 1679 romana.
1352 1643 1386 1678 8.
1408 1642 1513 1677 Nihil
1533 1647 1595 1677 est
1612 1641 1716 1689 quod
1739 1654 1761 1677 a
1780 1641 1883 1688 judi-

230 1707 284 1743 tio
303 1718 391 1742 meo
411 1705 582 1750 exigam,
602 1716 691 1740 cum
722 1704 818 1740 illud
849 1704 999 1751 pridem
1030 1704 1279 1751 deposuerim
1307 1703 1382 1739 Dei
1407 1702 1546 1748 gratia.
1575 1713 1610 1748 9.
1640 1702 1882 1738 Firmissima

229 1766 455 1803 valetudine
474 1776 569 1812 puer
584 1776 678 1799 usus
694 1776 793 1799 sum.
815 1772 870 1798 10.
887 1764 988 1798 Vota
1002 1775 1259 1810 conceperam
1274 1762 1322 1797 ad
1336 1762 1449 1797 divos
1464 1762 1626 1808 aliquot3
1643 1761 1713 1797 sed
1726 1761 1817 1809 quia
1825 1761 1882 1797 in-

227 1839 367 1873 gressu
386 1826 541 1861 sublata
560 1829 652 1859 sunt
669 1836 691 1858 a
709 1824 906 1869 Patribus,
927 1824 1061 1858 nescio
1080 1823 1174 1870 quid
1192 1822 1343 1868 negotii
1361 1821 1458 1858 illud
1477 1828 1597 1857 esset.
1621 1830 1677 1857 11.
1701 1830 1757 1857 12.
1775 1823 1880 1857 Duo-

227 1887 405 1922 decimus
429 1896 553 1920 annus
579 1889 655 1930 est,
681 1896 730 1919 ex
761 1895 838 1930 quo
870 1883 909 1918 in
940 1883 1181 1918 Societatem
1212 1895 1298 1918 sum
1329 1887 1513 1929 receptus
1537 1883 1699 1926 Romae,
1718 1882 1880 1917 vivente

227 1948 343 1982 Patre
379 1944 547 1991 Ignatio,
583 1943 829 1980 examinatus
865 1955 886 1978 a
922 1944 1037 1979 Patre
1072 1943 1272 1979 Bernardo
1298 1941 1477 1980 Oliverio
1502 1944 1628 1977 bonae
1653 1942 1878 1977 memoriae.

231 2006 287 2042 13.
307 2008 367 2041 De
386 2007 577 2041 bonorum
595 2003 874 2039 distributione
893 2016 1104 2051 numquam
1123 2003 1190 2038 vix
1208 2003 1395 2049 cogitavi,
1412 2014 1536 2050 eaque
1552 2014 1693 2048 magna
1707 2014 1755 2038 ex
1771 2008 1880 2049 parte

226 2066 415 2113 dissipata
434 2077 521 2100 esse
540 2064 674 2099 audivi
693 2064 867 2111 parentis
886 2064 963 2099 mei
983 2070 1107 2099 morte
1127 2069 1217 2099 ante
1241 2063 1380 2098 decem
1405 2073 1547 2098 annos:
1574 2062 1670 2098 nihil
1695 2062 1751 2098 fui
1777 2062 1880 2098 solli-

227 2127 348 2161 citus:
370 2130 464 2172 puto
484 2124 597 2158 matri
617 2135 704 2159 esse
725 2124 827 2168 usui,
848 2124 880 2158 si
900 2123 993 2170 quid
1012 2129 1086 2159 est.
1110 2131 1166 2168 14.
1189 2122 1419 2158 Sacerdotio
1432 2121 1576 2168 fungor
1586 2121 1667 2169 jam
1681 2134 1703 2157 a
1716 2133 1739 2168 4
1753 2123 1878 2157 annis.

231 2194 286 2231 15.
307 2186 379 2221 Fui
398 2186 561 2228 Romae,
582 2184 785 2230 Perusiae,
806 2184 1025 2229 Amoeliae,
1047 2183 1243 2229 VenetiiS,
1264 2183 1432 2228 Patavii,
1453 2181 1662 2227 Assainiis,
1682 2183 1878 2217 Tornone.

230 2247 285 2281 16.
307 2244 565 2280 probationes
583 2243 646 2278 hic
666 2243 883 2279 transcribo
902 2255 999 2290 quas
1018 2243 1114 2278 feci:
1136 2253 1169 2278 1.
1196 2242 1395 2277 Exercitia
1423 2241 1641 2289 spiritualia
1659 2242 1750 2277 feci.
1778 2252 1814 2277 2.
1835 2243 1878 2277 In

227 2304 411 2352 hospitali
441 2303 499 2339 fui
529 2303 707 2350 saepius,
734 2303 803 2338 sed
835 2315 912 2338 non
937 2308 1213 2338 commoratus.
1245 2313 1277 2348 3.
1311 2301 1590 2348 Peregrinatus
1621 2314 1699 2337 non
1727 2314 1812 2337 sum
1839 2302 1877 2337 in

228 2370 471 2412 paupertate.
501 2374 539 2408 4.
574 2363 757 2398 Servitiis
789 2363 1018 2398 domesticis
1050 2362 1231 2398 omnibus
1257 2362 1339 2397 fere
1371 2368 1584 2409 occupatus
1611 2374 1710 2397 sum.
1738 2371 1774 2406 5.
1799 2363 1877 2397 Do-

226 2426 289 2460 cui
307 2424 525 2460 doctrinam
551 2423 802 2458 christianam
827 2423 944 2458 rudes
969 2429 1009 2458 et
1033 2423 1143 2458 alios.
1172 2423 1208 2457 6.
1236 2422 1518 2468 Concionibus,
1544 2422 1875 2466 confessionibus,

228 2483 466 2520 lectionibus
486 2482 637 2518 vacavi.
663 2491 718 2527 17.
740 2483 930 2518 Versatus
950 2495 1035 2517 sum
1056 2483 1095 2517 in
1115 2483 1232 2517 rebus
1256 2481 1483 2517 domesticis
1511 2487 1550 2517 et
1575 2481 1788 2517 tractandis
1813 2493 1877 2516 va-

227 2546 294 2581 riis
314 2545 486 2591 negotiis
506 2551 583 2579 tam
604 2545 643 2579 in
662 2544 774 2579 Italia
792 2555 908 2590 quam
928 2543 967 2578 in
987 2543 1128 2579 Gallia.
1153 2542 1208 2578 18.
1229 2543 1351 2577 Emisi
1371 2549 1462 2578 vota
1487 2541 1697 2577 Societatis
1716 2548 1807 2577 ante
1834 2550 1872 2577 11

227 2617 364 2640 annos.
389 2614 445 2650 19.
467 2605 526 2638 De
547 2603 661 2639 bonis
680 2603 774 2649 quid
792 2603 995 2638 habuerim
1021 2608 1061 2637 et
1085 2601 1247 2637 fecerim
1274 2613 1391 2648 supra
1414 2601 1511 2648 dixi,
1536 2601 1767 2648 quaestione
1797 2600 1878 2635 13.a

227 2673 285 2699 20.
307 2663 545 2699 Valetudine
566 2675 659 2698 usus
686 2675 771 2698 sum
796 2662 949 2697 infirma
976 2668 1016 2697 et
1040 2661 1177 2706 debili,
1205 2661 1274 2696 sed
1298 2673 1398 2707 quae
1422 2660 1528 2696 cedit
1553 2667 1684 2696 tamen
1709 2660 1878 2706 negotiis

227 2724 337 2769 meis,
360 2725 444 2758 Deo
463 2725 560 2758 laus.
583 2731 641 2758 21.
660 2723 746 2757 Non
761 2722 871 2758 licuit
892 2722 986 2757 mihi
1000 2734 1068 2768 per
1088 2722 1308 2757 absentiam
1328 2721 1487 2756 Patrum
1502 2727 1542 2756 et
1556 2720 1734 2766 fratrum,
1752 2732 1878 2755 meam

224 2795 378 2829 quoque
398 2795 419 2817 a
437 2782 630 2828 collegiis,
651 2783 865 2817 examinari
884 2782 1010 2828 spatio
1025 2781 1116 2826 isto,
1133 2793 1260 2827 neque
1276 2781 1466 2815 rationem
1485 2780 1751 2815 conscientiae
1768 2792 1877 2816 meae

224 2842 330 2887 dare,
351 2842 423 2876 nisi
446 2852 491 2876 eo
512 2842 639 2886 modo,
659 2853 736 2888 quo
755 2841 831 2876 feci
849 2841 889 2876 in
907 2840 1224 2876 confessionibus
1243 2851 1331 2874 cum
1352 2839 1633 2886 superioribus.
1661 2849 1719 2874 22.
1741 2840 1785 2874 In
1807 2839 1875 2874 So-

223 2903 366 2936 cietate
387 2907 519 2936 nostra
539 2901 674 2936 vivere
694 2906 897 2947 perpetue,
919 2901 1017 2936 mori
1036 2906 1075 2936 et
1095 2899 1188 2935 mihi
1207 2905 1246 2934 et
1272 2900 1311 2934 in
1336 2905 1500 2945 utroque
1525 2899 1681 2934 homine
1706 2911 1774 2946 per
1799 2898 1874 2934 Dei

221 2962 400 3006 gratiam.
420 2960 475 2995 23.
495 2962 637 3006 jubeat
654 2960 755 3007 quod
772 2961 866 2996 velit
882 2961 1073 3006 Societas,
1090 2960 1230 2995 faciam
1247 2959 1356 3003 illud3
1377 2959 1482 3006 quia,
1502 2959 1605 3006 quod
1620 2959 1793 3003 iusserit,
1809 2959 1874 2994 da-

223 3020 280 3054 bit
298 3026 339 3054 ut
358 3019 497 3054 faciam
516 3020 639 3055 Deus.
661 3029 719 3064 24.
740 3019 974 3055 Indifferens
994 3031 1079 3055 sum
1098 3019 1271 3066 quidem,
1292 3017 1361 3052 sed
1380 3018 1474 3053 nihil
1491 3017 1678 3053 libentius
1693 3018 1868 3063 fecerim,

222 3091 336 3125 quam
367 3080 469 3125 quod
503 3080 615 3114 modo
646 3079 761 3125 facio,
793 3085 909 3126 atque
941 3080 994 3114 ita
1025 3080 1073 3114 de
1104 3078 1248 3114 ceteris
1274 3078 1600 3114 existima—Pro
1625 3078 1868 3114 scholaribus
