<?xml version="1.0" encoding="UTF-8"?>
<!DOCTYPE html PUBLIC "-//W3C//DTD XHTML 1.0 Transitional//EN"
    "http://www.w3.org/TR/xhtml1/DTD/xhtml1-transitional.dtd">
<html xmlns="http://www.w3.org/1999/xhtml" xml:lang="en" lang="en">
 <head>
  <title>
</title>
<meta http-equiv="Content-Type" content="text/html;charset=utf-8" />
  <meta name='ocr-system' content='tesseract 3.04.00' />
  <meta name='ocr-capabilities' content='ocr_page ocr_carea ocr_par ocr_line ocrx_word'/>
</head>
<body>
  <div class='ocr_page' id='page_1' title='image "./epistolaephieron08nada_0376.png"; bbox 0 0 2038 3313; ppageno 0'>
   <div class='ocr_carea' id='block_1_1' title="bbox 285 225 1360 272">
    <p class='ocr_par' dir='ltr' id='par_1_1' title="bbox 285 225 1360 272">
     <span class='ocr_line' id='line_1_1' title="bbox 285 225 1360 272; baseline 0 -11"><span class='ocrx_word' id='word_1_1' title='bbox 285 225 353 271; x_wconf 86' lang='lat'>298</span> <span class='ocrx_word' id='word_1_2' title='bbox 860 230 997 265; x_wconf 76' lang='lat' dir='ltr'><strong>EPIST.</strong></span> <span class='ocrx_word' id='word_1_3' title='bbox 1026 228 1069 263; x_wconf 93' lang='lat' dir='ltr'>P.</span> <span class='ocrx_word' id='word_1_4' title='bbox 1098 226 1360 272; x_wconf 69' lang='lat' dir='ltr'>NADAL—7C)</span> 
     </span>
    </p>
   </div>
   <div class='ocr_carea' id='block_1_2' title="bbox 278 330 1928 2487">
    <p class='ocr_par' dir='ltr' id='par_1_2' title="bbox 281 330 1928 621">
     <span class='ocr_line' id='line_1_2' title="bbox 284 330 1928 388; baseline 0.002 -17"><span class='ocrx_word' id='word_1_5' title='bbox 284 343 375 371; x_wconf 91' lang='lat' dir='ltr'>non</span> <span class='ocrx_word' id='word_1_6' title='bbox 397 343 539 385; x_wconf 92' lang='lat' dir='ltr'>penso</span> <span class='ocrx_word' id='word_1_7' title='bbox 562 337 655 374; x_wconf 89' lang='lat' dir='ltr'>star</span> <span class='ocrx_word' id='word_1_8' title='bbox 677 331 755 388; x_wconf 66' lang='lat' dir='ltr'>pisi</span> <span class='ocrx_word' id='word_1_9' title='bbox 777 333 821 374; x_wconf 82' lang='lat' dir='ltr'>d’</span> <span class='ocrx_word' id='word_1_10' title='bbox 848 339 946 375; x_wconf 91' lang='lat' dir='ltr'>otto</span> <span class='ocrx_word' id='word_1_11' title='bbox 968 330 1134 388; x_wconf 89' lang='lat' dir='ltr'>giorni,</span> <span class='ocrx_word' id='word_1_12' title='bbox 1161 337 1205 375; x_wconf 88' lang='lat' dir='ltr'>et</span> <span class='ocrx_word' id='word_1_13' title='bbox 1228 345 1301 375; x_wconf 88' lang='lat' dir='ltr'>me</span> <span class='ocrx_word' id='word_1_14' title='bbox 1318 346 1376 375; x_wconf 88' lang='lat' dir='ltr'>ne</span> <span class='ocrx_word' id='word_1_15' title='bbox 1393 331 1526 374; x_wconf 82' lang='lat' dir='ltr'>verro</span> <span class='ocrx_word' id='word_1_16' title='bbox 1544 338 1714 386; x_wconf 90' lang='lat' dir='ltr'>quanto</span> <span class='ocrx_word' id='word_1_17' title='bbox 1731 331 1809 388; x_wconf 71' lang='lat' dir='ltr'>pisi</span> <span class='ocrx_word' id='word_1_18' title='bbox 1827 346 1928 387; x_wconf 88' lang='lat' dir='ltr'>pre-</span> 
     </span>
     <span class='ocr_line' id='line_1_3' title="bbox 282 408 1924 462; baseline 0.001 -13"><span class='ocrx_word' id='word_1_19' title='bbox 282 412 353 449; x_wconf 89' lang='lat' dir='ltr'>sto</span> <span class='ocrx_word' id='word_1_20' title='bbox 374 408 505 462; x_wconf 83' lang='lat' dir='ltr'>potro</span> <span class='ocrx_word' id='word_1_21' title='bbox 528 408 615 452; x_wconf 92' lang='lat' dir='ltr'>alla</span> <span class='ocrx_word' id='word_1_22' title='bbox 638 409 762 453; x_wconf 90' lang='grc'><strong>110113</strong></span> <span class='ocrx_word' id='word_1_23' title='bbox 784 409 829 453; x_wconf 86' lang='grc'>(11</span> <span class='ocrx_word' id='word_1_24' title='bbox 852 411 1011 462; x_wconf 88' lang='lat' dir='ltr'>Roma,</span> <span class='ocrx_word' id='word_1_25' title='bbox 1033 424 1083 453; x_wconf 90' lang='lat' dir='ltr'>se</span> <span class='ocrx_word' id='word_1_26' title='bbox 1104 423 1197 452; x_wconf 91' lang='lat' dir='ltr'>non</span> <span class='ocrx_word' id='word_1_27' title='bbox 1213 408 1275 452; x_wconf 91' lang='lat' dir='ltr'>mi</span> <span class='ocrx_word' id='word_1_28' title='bbox 1292 409 1561 452; x_wconf 89' lang='lat' dir='ltr'>commanda</span> <span class='ocrx_word' id='word_1_29' title='bbox 1578 409 1692 452; x_wconf 90' lang='lat' dir='ltr'>altro</span> <span class='ocrx_word' id='word_1_30' title='bbox 1708 409 1752 451; x_wconf 92' lang='lat' dir='ltr'>la</span> <span class='ocrx_word' id='word_1_31' title='bbox 1770 410 1823 452; x_wconf 88' lang='lat' dir='ltr'>P.</span> <span class='ocrx_word' id='word_1_32' title='bbox 1846 410 1924 462; x_wconf 88' lang='lat' dir='ltr'>V.,</span> 
     </span>
     <span class='ocr_line' id='line_1_4' title="bbox 282 486 1926 544; baseline 0 -16"><span class='ocrx_word' id='word_1_33' title='bbox 282 498 362 540; x_wconf 92' lang='lat' dir='ltr'>per</span> <span class='ocrx_word' id='word_1_34' title='bbox 382 492 511 541; x_wconf 90' lang='lat' dir='ltr'>poter</span> <span class='ocrx_word' id='word_1_35' title='bbox 534 492 692 530; x_wconf 88' lang='lat' dir='ltr'>trattar</span> <span class='ocrx_word' id='word_1_36' title='bbox 714 487 820 532; x_wconf 90' lang='lat' dir='ltr'>delli</span> <span class='ocrx_word' id='word_1_37' title='bbox 843 487 1015 544; x_wconf 86' lang='lat' dir='ltr'>negotij</span> <span class='ocrx_word' id='word_1_38' title='bbox 1041 486 1086 529; x_wconf 90' lang='lat' dir='ltr'>di</span> <span class='ocrx_word' id='word_1_39' title='bbox 1114 486 1362 531; x_wconf 80' lang='lat' dir='ltr'>Germania</span> <span class='ocrx_word' id='word_1_40' title='bbox 1390 494 1436 531; x_wconf 90' lang='lat' dir='ltr'>et</span> <span class='ocrx_word' id='word_1_41' title='bbox 1463 486 1510 529; x_wconf 90' lang='lat' dir='ltr'>di</span> <span class='ocrx_word' id='word_1_42' title='bbox 1539 494 1700 542; x_wconf 88' lang='lat' dir='ltr'>questo</span> <span class='ocrx_word' id='word_1_43' title='bbox 1731 486 1926 543; x_wconf 85' lang='lat' dir='ltr'>collegio</span> 
     </span>
     <span class='ocr_line' id='line_1_5' title="bbox 281 562 1323 621; baseline 0.002 -16"><span class='ocrx_word' id='word_1_44' title='bbox 281 562 437 606; x_wconf 88' lang='lat' dir='ltr'>auanti</span> <span class='ocrx_word' id='word_1_45' title='bbox 459 565 544 608; x_wconf 91' lang='lat' dir='ltr'>che</span> <span class='ocrx_word' id='word_1_46' title='bbox 566 571 696 620; x_wconf 86' lang='lat' dir='ltr'>parta</span> <span class='ocrx_word' id='word_1_47' title='bbox 717 564 748 607; x_wconf 92' lang='lat' dir='ltr'>il</span> <span class='ocrx_word' id='word_1_48' title='bbox 771 564 1001 609; x_wconf 80' lang='lat' dir='ltr'>cardinale</span> <span class='ocrx_word' id='word_1_49' title='bbox 1022 564 1068 607; x_wconf 94' lang='lat' dir='ltr'>di</span> <span class='ocrx_word' id='word_1_50' title='bbox 1092 565 1323 621; x_wconf 84' lang='lat' dir='ltr'>Augusta.</span> 
     </span>
    </p>

    <p class='ocr_par' dir='ltr' id='par_1_3' title="bbox 278 641 1928 2008">
     <span class='ocr_line' id='line_1_6' title="bbox 372 641 1926 699; baseline 0.001 -16"><span class='ocrx_word' id='word_1_51' title='bbox 372 652 412 683; x_wconf 88' lang='lat'>2.</span> <span class='ocrx_word' id='word_1_52' title='bbox 481 642 658 697; x_wconf 75' lang='lat' dir='ltr'>Questa</span> <span class='ocrx_word' id='word_1_53' title='bbox 695 657 831 699; x_wconf 91' lang='lat' dir='ltr'>opera</span> <span class='ocrx_word' id='word_1_54' title='bbox 869 642 913 685; x_wconf 93' lang='lat' dir='ltr'>di</span> <span class='ocrx_word' id='word_1_55' title='bbox 950 641 1137 699; x_wconf 90' lang='lat' dir='ltr'>Dilinga</span> <span class='ocrx_word' id='word_1_56' title='bbox 1169 641 1243 686; x_wconf 89' lang='lat' dir='ltr'>del</span> <span class='ocrx_word' id='word_1_57' title='bbox 1275 642 1504 686; x_wconf 77' lang='lat' dir='ltr'>cardinale</span> <span class='ocrx_word' id='word_1_58' title='bbox 1536 642 1581 685; x_wconf 90' lang='lat' dir='ltr'>di</span> <span class='ocrx_word' id='word_1_59' title='bbox 1614 643 1830 698; x_wconf 86' lang='lat' dir='ltr'>Augusta</span> <span class='ocrx_word' id='word_1_60' title='bbox 1867 643 1926 685; x_wconf 88' lang='lat' dir='ltr'>ha</span> 
     </span>
     <span class='ocr_line' id='line_1_7' title="bbox 282 717 1924 776; baseline 0.001 -16"><span class='ocrx_word' id='word_1_61' title='bbox 282 717 408 760; x_wconf 90' lang='lat' dir='ltr'>molti</span> <span class='ocrx_word' id='word_1_62' title='bbox 430 719 570 762; x_wconf 90' lang='lat' dir='ltr'>buoni</span> <span class='ocrx_word' id='word_1_63' title='bbox 592 719 801 776; x_wconf 83' lang='lat' dir='ltr'>principi,</span> <span class='ocrx_word' id='word_1_64' title='bbox 828 727 872 765; x_wconf 90' lang='lat' dir='ltr'>et</span> <span class='ocrx_word' id='word_1_65' title='bbox 895 719 1305 765; x_wconf 88' lang='lat' dir='ltr'>necessariamente</span> <span class='ocrx_word' id='word_1_66' title='bbox 1327 721 1386 763; x_wconf 90' lang='lat' dir='ltr'>ha</span> <span class='ocrx_word' id='word_1_67' title='bbox 1406 719 1602 776; x_wconf 87' lang='lat' dir='ltr'>bisogno</span> <span class='ocrx_word' id='word_1_68' title='bbox 1623 719 1669 762; x_wconf 91' lang='lat' dir='ltr'>di</span> <span class='ocrx_word' id='word_1_69' title='bbox 1686 734 1810 764; x_wconf 90' lang='lat' dir='ltr'>esser</span> <span class='ocrx_word' id='word_1_70' title='bbox 1827 718 1924 762; x_wconf 89' lang='lat' dir='ltr'>aiu-</span> 
     </span>
     <span class='ocr_line' id='line_1_8' title="bbox 282 795 1928 854; baseline 0.002 -17"><span class='ocrx_word' id='word_1_71' title='bbox 282 801 390 848; x_wconf 86' lang='lat' dir='ltr'>tata,</span> <span class='ocrx_word' id='word_1_72' title='bbox 417 802 463 840; x_wconf 92' lang='lat' dir='ltr'>et</span> <span class='ocrx_word' id='word_1_73' title='bbox 484 795 527 839; x_wconf 94' lang='lat' dir='ltr'>io</span> <span class='ocrx_word' id='word_1_74' title='bbox 550 796 758 842; x_wconf 88' lang='lat' dir='ltr'>desidero</span> <span class='ocrx_word' id='word_1_75' title='bbox 780 797 846 842; x_wconf 85' lang='lat' dir='ltr'>sia</span> <span class='ocrx_word' id='word_1_76' title='bbox 869 813 948 854; x_wconf 87' lang='lat' dir='ltr'>per</span> <span class='ocrx_word' id='word_1_77' title='bbox 971 812 1127 842; x_wconf 86' lang='lat' dir='ltr'>mezzo</span> <span class='ocrx_word' id='word_1_78' title='bbox 1148 798 1267 841; x_wconf 89' lang='lat' dir='ltr'>della</span> <span class='ocrx_word' id='word_1_79' title='bbox 1290 797 1590 854; x_wconf 89' lang='lat' dir='ltr'>Compagnia,</span> <span class='ocrx_word' id='word_1_80' title='bbox 1622 797 1928 842; x_wconf 88' lang='lat' dir='ltr'>essendosene</span> 
     </span>
     <span class='ocr_line' id='line_1_9' title="bbox 282 872 1928 930; baseline 0.002 -16"><span class='ocrx_word' id='word_1_81' title='bbox 282 872 346 915; x_wconf 92' lang='lat' dir='ltr'>ito</span> <span class='ocrx_word' id='word_1_82' title='bbox 370 872 400 915; x_wconf 90' lang='lat' dir='ltr'>il</span> <span class='ocrx_word' id='word_1_83' title='bbox 421 875 687 919; x_wconf 87' lang='lat' dir='ltr'>confessore</span> <span class='ocrx_word' id='word_1_84' title='bbox 714 877 742 928; x_wconf 87' lang='lat'>¹,</span> <span class='ocrx_word' id='word_1_85' title='bbox 769 883 830 929; x_wconf 88' lang='lat' dir='ltr'>et,</span> <span class='ocrx_word' id='word_1_86' title='bbox 857 876 1057 920; x_wconf 89' lang='lat' dir='ltr'>secondo</span> <span class='ocrx_word' id='word_1_87' title='bbox 1081 875 1287 930; x_wconf 88' lang='lat' dir='ltr'>intendo,</span> <span class='ocrx_word' id='word_1_88' title='bbox 1313 890 1406 918; x_wconf 92' lang='lat' dir='ltr'>non</span> <span class='ocrx_word' id='word_1_89' title='bbox 1430 875 1475 918; x_wconf 89' lang='lat' dir='ltr'>ui</span> <span class='ocrx_word' id='word_1_90' title='bbox 1497 877 1668 919; x_wconf 79' lang='grc'><strong>11311613</strong></span> <span class='ocrx_word' id='word_1_91' title='bbox 1696 874 1741 917; x_wconf 90' lang='lat' dir='ltr'>di</span> <span class='ocrx_word' id='word_1_92' title='bbox 1771 881 1928 918; x_wconf 89' lang='lat' dir='ltr'>torna—</span> 
     </span>
     <span class='ocr_line' id='line_1_10' title="bbox 282 952 1928 1010; baseline 0.001 -17"><span class='ocrx_word' id='word_1_93' title='bbox 282 965 345 994; x_wconf 89' lang='lat' dir='ltr'>re.</span> <span class='ocrx_word' id='word_1_94' title='bbox 372 952 516 995; x_wconf 92' lang='lat' dir='ltr'>Molte</span> <span class='ocrx_word' id='word_1_95' title='bbox 539 952 651 997; x_wconf 92' lang='lat' dir='ltr'>altre</span> <span class='ocrx_word' id='word_1_96' title='bbox 674 967 779 998; x_wconf 87' lang='lat' dir='ltr'>cose</span> <span class='ocrx_word' id='word_1_97' title='bbox 802 952 1059 1010; x_wconf 88' lang='lat' dir='ltr'>particolari</span> <span class='ocrx_word' id='word_1_98' title='bbox 1082 967 1346 1005; x_wconf 86' lang='lat' dir='ltr'>occorrono,</span> <span class='ocrx_word' id='word_1_99' title='bbox 1373 953 1410 996; x_wconf 86' lang='lat' dir='ltr'>si</span> <span class='ocrx_word' id='word_1_100' title='bbox 1427 952 1472 995; x_wconf 89' lang='lat' dir='ltr'>di</span> <span class='ocrx_word' id='word_1_101' title='bbox 1491 953 1596 1008; x_wconf 84' lang='lat' dir='ltr'>quel</span> <span class='ocrx_word' id='word_1_102' title='bbox 1614 954 1699 997; x_wconf 93' lang='lat' dir='ltr'>che</span> <span class='ocrx_word' id='word_1_103' title='bbox 1717 967 1806 1008; x_wconf 92' lang='lat' dir='ltr'>qua</span> <span class='ocrx_word' id='word_1_104' title='bbox 1823 967 1928 1008; x_wconf 91' lang='lat' dir='ltr'>pas—</span> 
     </span>
     <span class='ocr_line' id='line_1_11' title="bbox 281 1029 1926 1087; baseline 0.002 -16"><span class='ocrx_word' id='word_1_105' title='bbox 281 1043 347 1083; x_wconf 87' lang='lat' dir='ltr'>sa,</span> <span class='ocrx_word' id='word_1_106' title='bbox 373 1043 502 1073; x_wconf 90' lang='lat' dir='ltr'>come</span> <span class='ocrx_word' id='word_1_107' title='bbox 523 1029 568 1072; x_wconf 92' lang='lat' dir='ltr'>di</span> <span class='ocrx_word' id='word_1_108' title='bbox 592 1038 753 1086; x_wconf 88' lang='lat' dir='ltr'>questa</span> <span class='ocrx_word' id='word_1_109' title='bbox 777 1031 1038 1076; x_wconf 80' lang='lat' dir='ltr'>fondatione</span> <span class='ocrx_word' id='word_1_110' title='bbox 1061 1038 1106 1076; x_wconf 91' lang='lat' dir='ltr'>et</span> <span class='ocrx_word' id='word_1_111' title='bbox 1128 1031 1202 1075; x_wconf 91' lang='lat' dir='ltr'>del</span> <span class='ocrx_word' id='word_1_112' title='bbox 1225 1031 1422 1087; x_wconf 88' lang='lat' dir='ltr'>collegio</span> <span class='ocrx_word' id='word_1_113' title='bbox 1445 1030 1490 1074; x_wconf 94' lang='lat' dir='ltr'>di</span> <span class='ocrx_word' id='word_1_114' title='bbox 1513 1032 1744 1087; x_wconf 81' lang='lat' dir='ltr'>Augusta,</span> <span class='ocrx_word' id='word_1_115' title='bbox 1777 1037 1822 1075; x_wconf 91' lang='lat' dir='ltr'>et</span> <span class='ocrx_word' id='word_1_116' title='bbox 1845 1031 1926 1075; x_wconf 91' lang='lat' dir='ltr'>de—</span> 
     </span>
     <span class='ocr_line' id='line_1_12' title="bbox 282 1106 1926 1166; baseline 0.002 -18"><span class='ocrx_word' id='word_1_117' title='bbox 282 1106 345 1163; x_wconf 90' lang='lat' dir='ltr'>gli</span> <span class='ocrx_word' id='word_1_118' title='bbox 368 1106 469 1150; x_wconf 89' lang='lat' dir='ltr'>altri</span> <span class='ocrx_word' id='word_1_119' title='bbox 492 1107 634 1152; x_wconf 85' lang='lat' dir='ltr'>mezzi</span> <span class='ocrx_word' id='word_1_120' title='bbox 657 1123 737 1164; x_wconf 89' lang='lat' dir='ltr'>per</span> <span class='ocrx_word' id='word_1_121' title='bbox 759 1109 905 1152; x_wconf 88' lang='lat' dir='ltr'>aiutar</span> <span class='ocrx_word' id='word_1_122' title='bbox 928 1116 1090 1165; x_wconf 86' lang='lat' dir='ltr'>questa</span> <span class='ocrx_word' id='word_1_123' title='bbox 1119 1110 1294 1166; x_wconf 83' lang='lat' dir='ltr'>grande</span> <span class='ocrx_word' id='word_1_124' title='bbox 1323 1116 1368 1153; x_wconf 90' lang='lat' dir='ltr'>et</span> <span class='ocrx_word' id='word_1_125' title='bbox 1396 1108 1623 1153; x_wconf 86' lang='lat' dir='ltr'>miserima</span> <span class='ocrx_word' id='word_1_126' title='bbox 1652 1107 1852 1161; x_wconf 86' lang='lat' dir='ltr'>natione,</span> <span class='ocrx_word' id='word_1_127' title='bbox 1884 1109 1926 1152; x_wconf 94' lang='lat' dir='ltr'>le</span> 
     </span>
     <span class='ocr_line' id='line_1_13' title="bbox 282 1184 1924 1243; baseline 0.002 -17"><span class='ocrx_word' id='word_1_128' title='bbox 282 1184 415 1239; x_wconf 89' lang='lat' dir='ltr'>quale</span> <span class='ocrx_word' id='word_1_129' title='bbox 438 1199 543 1229; x_wconf 85' lang='lat' dir='ltr'>cose</span> <span class='ocrx_word' id='word_1_130' title='bbox 565 1201 657 1229; x_wconf 87' lang='lat' dir='ltr'>non</span> <span class='ocrx_word' id='word_1_131' title='bbox 679 1186 717 1229; x_wconf 87' lang='lat' dir='ltr'>si</span> <span class='ocrx_word' id='word_1_132' title='bbox 739 1202 941 1243; x_wconf 65' lang='grc'><strong>90550110</strong></span> <span class='ocrx_word' id='word_1_133' title='bbox 965 1188 1363 1231; x_wconf 89' lang='lat' dir='ltr'>raccommandare</span> <span class='ocrx_word' id='word_1_134' title='bbox 1386 1187 1472 1229; x_wconf 89' lang='lat' dir='ltr'>alla</span> <span class='ocrx_word' id='word_1_135' title='bbox 1495 1201 1659 1242; x_wconf 88' lang='lat' dir='ltr'>penna.</span> <span class='ocrx_word' id='word_1_136' title='bbox 1692 1186 1726 1228; x_wconf 95' lang='lat' dir='ltr'>Il</span> <span class='ocrx_word' id='word_1_137' title='bbox 1754 1185 1924 1242; x_wconf 85' lang='lat' dir='ltr'>Signor</span> 
     </span>
     <span class='ocr_line' id='line_1_14' title="bbox 283 1252 1925 1321; baseline 0.001 -16"><span class='ocrx_word' id='word_1_138' title='bbox 283 1264 384 1306; x_wconf 81' lang='lat' dir='ltr'>sara</span> <span class='ocrx_word' id='word_1_139' title='bbox 406 1277 492 1305; x_wconf 94' lang='lat' dir='ltr'>con</span> <span class='ocrx_word' id='word_1_140' title='bbox 515 1263 590 1306; x_wconf 91' lang='lat' dir='ltr'>noi</span> <span class='ocrx_word' id='word_1_141' title='bbox 614 1264 729 1307; x_wconf 88' lang='lat' dir='ltr'>altri.</span> <span class='ocrx_word' id='word_1_142' title='bbox 757 1252 794 1308; x_wconf 78' lang='lat' dir='ltr'>E</span> <span class='ocrx_word' id='word_1_143' title='bbox 817 1265 860 1308; x_wconf 88' lang='grc'>13</span> <span class='ocrx_word' id='word_1_144' title='bbox 889 1264 1098 1321; x_wconf 82' lang='lat' dir='ltr'>maggior</span> <span class='ocrx_word' id='word_1_145' title='bbox 1127 1265 1440 1321; x_wconf 81' lang='lat' dir='ltr'>compassione</span> <span class='ocrx_word' id='word_1_146' title='bbox 1468 1265 1541 1308; x_wconf 90' lang='lat' dir='ltr'>del</span> <span class='ocrx_word' id='word_1_147' title='bbox 1569 1264 1735 1306; x_wconf 91' lang='lat' dir='ltr'>mondo</span> <span class='ocrx_word' id='word_1_148' title='bbox 1765 1270 1810 1307; x_wconf 89' lang='grc'>61</span> <span class='ocrx_word' id='word_1_149' title='bbox 1839 1265 1925 1307; x_wconf 91' lang='grc'><strong>6116</strong></span> 
     </span>
     <span class='ocr_line' id='line_1_15' title="bbox 281 1339 1924 1399; baseline 0.001 -17"><span class='ocrx_word' id='word_1_150' title='bbox 281 1355 374 1383; x_wconf 88' lang='grc'><strong>11011</strong></span> <span class='ocrx_word' id='word_1_151' title='bbox 396 1339 433 1383; x_wconf 87' lang='grc'>51</span> <span class='ocrx_word' id='word_1_152' title='bbox 456 1341 546 1397; x_wconf 81' lang='lat' dir='ltr'>puo</span> <span class='ocrx_word' id='word_1_153' title='bbox 569 1341 772 1386; x_wconf 89' lang='lat' dir='ltr'>sofferire</span> <span class='ocrx_word' id='word_1_154' title='bbox 795 1343 1004 1386; x_wconf 90' lang='lat' dir='ltr'>uedendo</span> <span class='ocrx_word' id='word_1_155' title='bbox 1022 1343 1064 1385; x_wconf 88' lang='grc'>13</span> <span class='ocrx_word' id='word_1_156' title='bbox 1086 1341 1266 1386; x_wconf 88' lang='lat' dir='ltr'>miseria</span> <span class='ocrx_word' id='word_1_157' title='bbox 1284 1349 1329 1386; x_wconf 91' lang='lat' dir='ltr'>et</span> <span class='ocrx_word' id='word_1_158' title='bbox 1351 1342 1608 1399; x_wconf 85' lang='lat' dir='ltr'>perditione</span> <span class='ocrx_word' id='word_1_159' title='bbox 1625 1340 1671 1383; x_wconf 87' lang='lat' dir='ltr'>di</span> <span class='ocrx_word' id='word_1_160' title='bbox 1688 1356 1779 1384; x_wconf 88' lang='lat' dir='ltr'>una</span> <span class='ocrx_word' id='word_1_161' title='bbox 1797 1348 1924 1384; x_wconf 89' lang='lat' dir='ltr'>tanto</span> 
     </span>
     <span class='ocr_line' id='line_1_16' title="bbox 281 1419 1926 1477; baseline 0.001 -16"><span class='ocrx_word' id='word_1_162' title='bbox 281 1419 472 1475; x_wconf 87' lang='lat' dir='ltr'>grande,</span> <span class='ocrx_word' id='word_1_163' title='bbox 501 1426 626 1462; x_wconf 89' lang='lat' dir='ltr'>tanto</span> <span class='ocrx_word' id='word_1_164' title='bbox 648 1427 853 1477; x_wconf 90' lang='lat' dir='ltr'>potente,</span> <span class='ocrx_word' id='word_1_165' title='bbox 880 1427 926 1464; x_wconf 87' lang='lat' dir='ltr'>et</span> <span class='ocrx_word' id='word_1_166' title='bbox 950 1427 1075 1464; x_wconf 88' lang='lat' dir='ltr'>tanto</span> <span class='ocrx_word' id='word_1_167' title='bbox 1093 1419 1248 1464; x_wconf 87' lang='lat' dir='ltr'>nobile</span> <span class='ocrx_word' id='word_1_168' title='bbox 1265 1420 1464 1474; x_wconf 87' lang='lat' dir='ltr'>natione,</span> <span class='ocrx_word' id='word_1_169' title='bbox 1486 1428 1531 1464; x_wconf 89' lang='lat' dir='ltr'>et</span> <span class='ocrx_word' id='word_1_170' title='bbox 1550 1419 1595 1462; x_wconf 91' lang='lat' dir='ltr'>ui</span> <span class='ocrx_word' id='word_1_171' title='bbox 1613 1420 1638 1463; x_wconf 79' lang='lat' dir='ltr'>e</span> <span class='ocrx_word' id='word_1_172' title='bbox 1656 1433 1739 1462; x_wconf 90' lang='lat' dir='ltr'>con</span> <span class='ocrx_word' id='word_1_173' title='bbox 1758 1419 1802 1462; x_wconf 86' lang='lat' dir='ltr'>la</span> <span class='ocrx_word' id='word_1_174' title='bbox 1819 1434 1926 1475; x_wconf 89' lang='lat' dir='ltr'>gra—</span> 
     </span>
     <span class='ocr_line' id='line_1_17' title="bbox 282 1496 1928 1554; baseline 0.001 -15"><span class='ocrx_word' id='word_1_175' title='bbox 282 1496 343 1540; x_wconf 91' lang='lat' dir='ltr'>tia</span> <span class='ocrx_word' id='word_1_176' title='bbox 366 1496 410 1539; x_wconf 90' lang='lat' dir='ltr'>di</span> <span class='ocrx_word' id='word_1_177' title='bbox 433 1498 523 1540; x_wconf 93' lang='lat' dir='ltr'>X.0</span> <span class='ocrx_word' id='word_1_178' title='bbox 549 1498 688 1541; x_wconf 90' lang='lat' dir='ltr'>molta</span> <span class='ocrx_word' id='word_1_179' title='bbox 709 1513 929 1554; x_wconf 83' lang='lat' dir='ltr'>speranza</span> <span class='ocrx_word' id='word_1_180' title='bbox 950 1499 996 1541; x_wconf 91' lang='lat' dir='ltr'>di</span> <span class='ocrx_word' id='word_1_181' title='bbox 1019 1514 1142 1543; x_wconf 89' lang='lat' dir='ltr'>esser</span> <span class='ocrx_word' id='word_1_182' title='bbox 1165 1498 1352 1551; x_wconf 89' lang='lat' dir='ltr'>aiutata,</span> <span class='ocrx_word' id='word_1_183' title='bbox 1377 1505 1422 1543; x_wconf 91' lang='lat' dir='ltr'>et</span> <span class='ocrx_word' id='word_1_184' title='bbox 1444 1498 1489 1541; x_wconf 91' lang='lat' dir='ltr'>io</span> <span class='ocrx_word' id='word_1_185' title='bbox 1512 1497 1573 1540; x_wconf 90' lang='lat' dir='ltr'>mi</span> <span class='ocrx_word' id='word_1_186' title='bbox 1595 1498 1819 1554; x_wconf 86' lang='lat' dir='ltr'>persuado</span> <span class='ocrx_word' id='word_1_187' title='bbox 1841 1498 1928 1541; x_wconf 91' lang='lat' dir='ltr'>che</span> 
     </span>
     <span class='ocr_line' id='line_1_18' title="bbox 281 1573 1926 1633; baseline 0.001 -17"><span class='ocrx_word' id='word_1_188' title='bbox 281 1573 312 1616; x_wconf 93' lang='lat' dir='ltr'>il</span> <span class='ocrx_word' id='word_1_189' title='bbox 344 1574 515 1631; x_wconf 87' lang='lat' dir='ltr'>Signor</span> <span class='ocrx_word' id='word_1_190' title='bbox 543 1575 631 1619; x_wconf 91' lang='lat' dir='ltr'>Dio</span> <span class='ocrx_word' id='word_1_191' title='bbox 662 1577 704 1619; x_wconf 92' lang='lat' dir='ltr'>la</span> <span class='ocrx_word' id='word_1_192' title='bbox 737 1576 843 1620; x_wconf 90' lang='lat' dir='ltr'>uole</span> <span class='ocrx_word' id='word_1_193' title='bbox 875 1575 1051 1621; x_wconf 90' lang='lat' dir='ltr'>aiutare</span> <span class='ocrx_word' id='word_1_194' title='bbox 1084 1591 1162 1633; x_wconf 84' lang='lat' dir='ltr'>per</span> <span class='ocrx_word' id='word_1_195' title='bbox 1195 1591 1351 1620; x_wconf 88' lang='lat' dir='ltr'>mezzo</span> <span class='ocrx_word' id='word_1_196' title='bbox 1379 1576 1497 1620; x_wconf 89' lang='lat' dir='ltr'>della</span> <span class='ocrx_word' id='word_1_197' title='bbox 1527 1575 1811 1632; x_wconf 89' lang='lat' dir='ltr'>Compagnia</span> <span class='ocrx_word' id='word_1_198' title='bbox 1839 1589 1926 1618; x_wconf 90' lang='lat' dir='ltr'>con</span> 
     </span>
     <span class='ocr_line' id='line_1_19' title="bbox 280 1652 1924 1710; baseline 0.001 -16"><span class='ocrx_word' id='word_1_199' title='bbox 280 1653 310 1694; x_wconf 85' lang='lat' dir='ltr'>l’</span> <span class='ocrx_word' id='word_1_200' title='bbox 334 1652 562 1696; x_wconf 82' lang='lat' dir='ltr'>authorita</span> <span class='ocrx_word' id='word_1_201' title='bbox 585 1660 629 1698; x_wconf 88' lang='lat' dir='ltr'>et</span> <span class='ocrx_word' id='word_1_202' title='bbox 654 1654 810 1698; x_wconf 87' lang='lat' dir='ltr'>fauore</span> <span class='ocrx_word' id='word_1_203' title='bbox 832 1654 950 1698; x_wconf 91' lang='lat' dir='ltr'>della</span> <span class='ocrx_word' id='word_1_204' title='bbox 971 1655 1080 1698; x_wconf 89' lang='lat' dir='ltr'>sede</span> <span class='ocrx_word' id='word_1_205' title='bbox 1109 1654 1370 1710; x_wconf 88' lang='lat' dir='ltr'>apostolica.</span> <span class='ocrx_word' id='word_1_206' title='bbox 1399 1655 1456 1696; x_wconf 89' lang='lat' dir='ltr'>Et</span> <span class='ocrx_word' id='word_1_207' title='bbox 1478 1653 1539 1696; x_wconf 93' lang='lat' dir='ltr'>mi</span> <span class='ocrx_word' id='word_1_208' title='bbox 1560 1669 1668 1710; x_wconf 91' lang='lat' dir='ltr'>pare</span> <span class='ocrx_word' id='word_1_209' title='bbox 1690 1654 1776 1697; x_wconf 88' lang='lat' dir='ltr'>che</span> <span class='ocrx_word' id='word_1_210' title='bbox 1799 1652 1924 1696; x_wconf 91' lang='lat' dir='ltr'>Iddio</span> 
     </span>
     <span class='ocr_line' id='line_1_20' title="bbox 279 1731 1924 1789; baseline 0.001 -17"><span class='ocrx_word' id='word_1_211' title='bbox 279 1737 434 1774; x_wconf 85' lang='lat' dir='ltr'>nostro</span> <span class='ocrx_word' id='word_1_212' title='bbox 457 1731 657 1788; x_wconf 87' lang='lat' dir='ltr'>Signore</span> <span class='ocrx_word' id='word_1_213' title='bbox 678 1733 736 1775; x_wconf 90' lang='lat' dir='ltr'>ha</span> <span class='ocrx_word' id='word_1_214' title='bbox 758 1731 983 1775; x_wconf 88' lang='lat' dir='ltr'>instituito</span> <span class='ocrx_word' id='word_1_215' title='bbox 1006 1739 1051 1777; x_wconf 92' lang='grc'>61</span> <span class='ocrx_word' id='word_1_216' title='bbox 1074 1733 1179 1775; x_wconf 89' lang='grc'><strong>(1313</strong></span> <span class='ocrx_word' id='word_1_217' title='bbox 1202 1733 1244 1775; x_wconf 92' lang='grc'>13</span> <span class='ocrx_word' id='word_1_218' title='bbox 1262 1731 1545 1789; x_wconf 89' lang='lat' dir='ltr'>Compagnia</span> <span class='ocrx_word' id='word_1_219' title='bbox 1562 1732 1649 1775; x_wconf 87' lang='lat' dir='ltr'>alla</span> <span class='ocrx_word' id='word_1_220' title='bbox 1670 1746 1754 1774; x_wconf 91' lang='lat' dir='ltr'>sua</span> <span class='ocrx_word' id='word_1_221' title='bbox 1771 1731 1924 1775; x_wconf 90' lang='lat' dir='ltr'>chiesa</span> 
     </span>
     <span class='ocr_line' id='line_1_21' title="bbox 278 1808 1921 1865; baseline 0.001 -15"><span class='ocrx_word' id='word_1_222' title='bbox 278 1815 408 1851; x_wconf 91' lang='lat' dir='ltr'>santa</span> <span class='ocrx_word' id='word_1_223' title='bbox 430 1808 753 1865; x_wconf 89' lang='lat' dir='ltr'>specialmente</span> <span class='ocrx_word' id='word_1_224' title='bbox 775 1824 855 1865; x_wconf 91' lang='lat' dir='ltr'>per</span> <span class='ocrx_word' id='word_1_225' title='bbox 877 1810 920 1852; x_wconf 91' lang='lat' dir='ltr'>la</span> <span class='ocrx_word' id='word_1_226' title='bbox 935 1809 1179 1854; x_wconf 91' lang='lat' dir='ltr'>ridottione</span> <span class='ocrx_word' id='word_1_227' title='bbox 1195 1809 1240 1852; x_wconf 91' lang='lat' dir='ltr'>di</span> <span class='ocrx_word' id='word_1_228' title='bbox 1258 1809 1407 1865; x_wconf 77' lang='lat' dir='ltr'>questi</span> <span class='ocrx_word' id='word_1_229' title='bbox 1430 1809 1617 1854; x_wconf 89' lang='lat' dir='ltr'>heretici</span> <span class='ocrx_word' id='word_1_230' title='bbox 1635 1816 1679 1853; x_wconf 89' lang='lat' dir='ltr'>et</span> <span class='ocrx_word' id='word_1_231' title='bbox 1697 1810 1754 1853; x_wconf 91' lang='lat' dir='ltr'>de</span> <span class='ocrx_word' id='word_1_232' title='bbox 1770 1808 1834 1865; x_wconf 90' lang='lat' dir='ltr'>gli</span> <span class='ocrx_word' id='word_1_233' title='bbox 1851 1808 1921 1851; x_wconf 93' lang='lat' dir='ltr'>in—</span> 
     </span>
     <span class='ocr_line' id='line_1_22' title="bbox 279 1885 1918 1946; baseline 0.001 -19"><span class='ocrx_word' id='word_1_234' title='bbox 279 1885 416 1930; x_wconf 91' lang='lat' dir='ltr'>fideli.</span> <span class='ocrx_word' id='word_1_235' title='bbox 448 1887 680 1929; x_wconf 76' lang='lat' dir='ltr'>Dominus</span> <span class='ocrx_word' id='word_1_236' title='bbox 708 1887 831 1930; x_wconf 75' lang='lat' dir='ltr'>dabit</span> <span class='ocrx_word' id='word_1_237' title='bbox 859 1889 1076 1930; x_wconf 66' lang='lat' dir='ltr'>uirtutem</span> <span class='ocrx_word' id='word_1_238' title='bbox 1115 1891 1154 1930; x_wconf 78' lang='lat' dir='ltr'>et</span> <span class='ocrx_word' id='word_1_239' title='bbox 1178 1888 1510 1946; x_wconf 70' lang='lat' dir='ltr'>fortitudinem</span> <span class='ocrx_word' id='word_1_240' title='bbox 1548 1887 1757 1930; x_wconf 77' lang='lat' dir='ltr'>Societati</span> <span class='ocrx_word' id='word_1_241' title='bbox 1793 1901 1918 1930; x_wconf 79' lang='lat' dir='ltr'>suae.</span> 
     </span>
     <span class='ocr_line' id='line_1_23' title="bbox 281 1964 821 2008; baseline 0.006 -3"><span class='ocrx_word' id='word_1_242' title='bbox 281 1964 554 2006; x_wconf 77' lang='lat' dir='ltr'>Benedictus</span> <span class='ocrx_word' id='word_1_243' title='bbox 575 1966 821 2008; x_wconf 69' lang='lat' dir='ltr'>Dominus.</span> 
     </span>
    </p>

    <p class='ocr_par' dir='ltr' id='par_1_4' title="bbox 278 2041 1924 2487">
     <span class='ocr_line' id='line_1_24' title="bbox 371 2041 1919 2101; baseline 0 -17"><span class='ocrx_word' id='word_1_244' title='bbox 371 2055 411 2096; x_wconf 86' lang='lat'>3.</span> <span class='ocrx_word' id='word_1_245' title='bbox 477 2043 525 2085; x_wconf 94' lang='lat' dir='ltr'>Io</span> <span class='ocrx_word' id='word_1_246' title='bbox 547 2049 618 2085; x_wconf 90' lang='lat' dir='ltr'>sto</span> <span class='ocrx_word' id='word_1_247' title='bbox 640 2044 779 2086; x_wconf 91' lang='lat' dir='ltr'>molto</span> <span class='ocrx_word' id='word_1_248' title='bbox 802 2044 934 2096; x_wconf 89' lang='lat' dir='ltr'>bene,</span> <span class='ocrx_word' id='word_1_249' title='bbox 961 2050 1007 2088; x_wconf 91' lang='lat' dir='ltr'>et</span> <span class='ocrx_word' id='word_1_250' title='bbox 1028 2043 1057 2086; x_wconf 92' lang='grc'>11</span> <span class='ocrx_word' id='word_1_251' title='bbox 1083 2044 1214 2088; x_wconf 79' lang='lat' dir='ltr'>frate]</span> <span class='ocrx_word' id='word_1_252' title='bbox 1231 2045 1363 2101; x_wconf 84' lang='lat' dir='ltr'>Jona3</span> <span class='ocrx_word' id='word_1_253' title='bbox 1390 2044 1636 2088; x_wconf 85' lang='lat' dir='ltr'>benedetto</span> <span class='ocrx_word' id='word_1_254' title='bbox 1658 2041 1762 2086; x_wconf 92' lang='lat' dir='ltr'>Dio.</span> <span class='ocrx_word' id='word_1_255' title='bbox 1785 2043 1842 2086; x_wconf 93' lang='lat' dir='ltr'>V.</span> <span class='ocrx_word' id='word_1_256' title='bbox 1866 2043 1919 2085; x_wconf 88' lang='lat' dir='ltr'>P.</span> 
     </span>
     <span class='ocr_line' id='line_1_25' title="bbox 279 2120 1922 2178; baseline 0 -16"><span class='ocrx_word' id='word_1_257' title='bbox 279 2134 360 2176; x_wconf 88' lang='lat' dir='ltr'>per</span> <span class='ocrx_word' id='word_1_258' title='bbox 382 2120 413 2162; x_wconf 84' lang='lat' dir='ltr'>l’</span> <span class='ocrx_word' id='word_1_259' title='bbox 437 2134 561 2163; x_wconf 90' lang='lat' dir='ltr'>amor</span> <span class='ocrx_word' id='word_1_260' title='bbox 584 2121 657 2165; x_wconf 90' lang='lat' dir='ltr'>del</span> <span class='ocrx_word' id='word_1_261' title='bbox 680 2121 876 2178; x_wconf 88' lang='lat' dir='ltr'>Signore</span> <span class='ocrx_word' id='word_1_262' title='bbox 898 2121 1129 2178; x_wconf 88' lang='lat' dir='ltr'>perseueri</span> <span class='ocrx_word' id='word_1_263' title='bbox 1153 2121 1198 2164; x_wconf 88' lang='lat' dir='ltr'>in</span> <span class='ocrx_word' id='word_1_264' title='bbox 1222 2136 1415 2177; x_wconf 82' lang='lat' dir='ltr'>pregare</span> <span class='ocrx_word' id='word_1_265' title='bbox 1437 2121 1563 2164; x_wconf 91' lang='lat' dir='ltr'>Iddio</span> <span class='ocrx_word' id='word_1_266' title='bbox 1585 2136 1665 2177; x_wconf 88' lang='lat' dir='ltr'>per</span> <span class='ocrx_word' id='word_1_267' title='bbox 1688 2135 1760 2164; x_wconf 92' lang='lat' dir='ltr'>me</span> <span class='ocrx_word' id='word_1_268' title='bbox 1783 2126 1828 2164; x_wconf 90' lang='lat' dir='ltr'>et</span> <span class='ocrx_word' id='word_1_269' title='bbox 1844 2135 1922 2176; x_wconf 89' lang='lat' dir='ltr'>per</span> 
     </span>
     <span class='ocr_line' id='line_1_26' title="bbox 278 2197 1924 2255; baseline 0.001 -16"><span class='ocrx_word' id='word_1_270' title='bbox 278 2204 439 2252; x_wconf 89' lang='lat' dir='ltr'>questa</span> <span class='ocrx_word' id='word_1_271' title='bbox 462 2197 660 2242; x_wconf 90' lang='lat' dir='ltr'>natione.</span> <span class='ocrx_word' id='word_1_272' title='bbox 688 2199 900 2242; x_wconf 88' lang='lat' dir='ltr'>Conosco</span> <span class='ocrx_word' id='word_1_273' title='bbox 923 2200 1008 2244; x_wconf 92' lang='lat' dir='ltr'>che</span> <span class='ocrx_word' id='word_1_274' title='bbox 1030 2214 1110 2255; x_wconf 89' lang='lat' dir='ltr'>per</span> <span class='ocrx_word' id='word_1_275' title='bbox 1132 2200 1174 2243; x_wconf 91' lang='lat' dir='ltr'>le</span> <span class='ocrx_word' id='word_1_276' title='bbox 1197 2214 1279 2243; x_wconf 89' lang='lat' dir='ltr'>sue</span> <span class='ocrx_word' id='word_1_277' title='bbox 1305 2198 1499 2242; x_wconf 89' lang='lat' dir='ltr'>orationi</span> <span class='ocrx_word' id='word_1_278' title='bbox 1522 2198 1552 2240; x_wconf 94' lang='lat' dir='ltr'>il</span> <span class='ocrx_word' id='word_1_279' title='bbox 1575 2197 1772 2254; x_wconf 88' lang='lat' dir='ltr'>Signore</span> <span class='ocrx_word' id='word_1_280' title='bbox 1789 2197 1849 2240; x_wconf 90' lang='lat' dir='ltr'>mi</span> <span class='ocrx_word' id='word_1_281' title='bbox 1867 2198 1924 2241; x_wconf 91' lang='lat' dir='ltr'>da</span> 
     </span>
     <span class='ocr_line' id='line_1_27' title="bbox 279 2275 1923 2332; baseline 0.001 -15"><span class='ocrx_word' id='word_1_282' title='bbox 279 2275 417 2318; x_wconf 86' lang='lat' dir='ltr'>buon&#39;</span> <span class='ocrx_word' id='word_1_283' title='bbox 443 2275 611 2318; x_wconf 89' lang='lat' dir='ltr'>animo.</span> <span class='ocrx_word' id='word_1_284' title='bbox 640 2275 741 2332; x_wconf 89' lang='lat' dir='ltr'>Egli</span> <span class='ocrx_word' id='word_1_285' title='bbox 764 2291 845 2332; x_wconf 91' lang='lat' dir='ltr'>per</span> <span class='ocrx_word' id='word_1_286' title='bbox 873 2291 956 2320; x_wconf 88' lang='lat' dir='ltr'>sua</span> <span class='ocrx_word' id='word_1_287' title='bbox 978 2276 1285 2321; x_wconf 87' lang='lat' dir='ltr'>misericordia</span> <span class='ocrx_word' id='word_1_288' title='bbox 1314 2276 1491 2319; x_wconf 88' lang='lat' dir='ltr'>infinita</span> <span class='ocrx_word' id='word_1_289' title='bbox 1516 2276 1558 2319; x_wconf 92' lang='grc'>61</span> <span class='ocrx_word' id='word_1_290' title='bbox 1586 2276 1660 2319; x_wconf 90' lang='lat' dir='ltr'>dia</span> <span class='ocrx_word' id='word_1_291' title='bbox 1687 2290 1867 2332; x_wconf 85' lang='lat' dir='ltr'>sempre</span> <span class='ocrx_word' id='word_1_292' title='bbox 1898 2290 1923 2317; x_wconf 86' lang='lat' dir='ltr'>a</span> 
     </span>
     <span class='ocr_line' id='line_1_28' title="bbox 281 2352 1923 2410; baseline 0.001 -15"><span class='ocrx_word' id='word_1_293' title='bbox 281 2352 386 2395; x_wconf 92' lang='lat' dir='ltr'>tutti</span> <span class='ocrx_word' id='word_1_294' title='bbox 409 2352 454 2395; x_wconf 89' lang='lat' dir='ltr'>di</span> <span class='ocrx_word' id='word_1_295' title='bbox 477 2353 619 2397; x_wconf 86' lang='lat' dir='ltr'>sentir</span> <span class='ocrx_word' id='word_1_296' title='bbox 641 2368 724 2397; x_wconf 87' lang='lat' dir='ltr'>sua</span> <span class='ocrx_word' id='word_1_297' title='bbox 752 2354 1009 2398; x_wconf 87' lang='lat' dir='ltr'>santissima</span> <span class='ocrx_word' id='word_1_298' title='bbox 1037 2355 1240 2407; x_wconf 75' lang='lat' dir='ltr'>uolonta,</span> <span class='ocrx_word' id='word_1_299' title='bbox 1273 2361 1317 2398; x_wconf 89' lang='lat' dir='ltr'>et</span> <span class='ocrx_word' id='word_1_300' title='bbox 1349 2355 1471 2397; x_wconf 83' lang='lat' dir='ltr'>forza</span> <span class='ocrx_word' id='word_1_301' title='bbox 1499 2369 1579 2410; x_wconf 91' lang='lat' dir='ltr'>per</span> <span class='ocrx_word' id='word_1_302' title='bbox 1608 2353 1923 2398; x_wconf 88' lang='lat' dir='ltr'>intieramente</span> 
     </span>
     <span class='ocr_line' id='line_1_29' title="bbox 280 2430 628 2487; baseline 0 -14"><span class='ocrx_word' id='word_1_303' title='bbox 280 2430 514 2487; x_wconf 86' lang='lat' dir='ltr'>compirla,</span> <span class='ocrx_word' id='word_1_304' title='bbox 541 2438 628 2475; x_wconf 90' lang='lat' dir='ltr'>etc.</span> 
     </span>
    </p>
   </div>
   <div class='ocr_carea' id='block_1_3' title="bbox 353 2597 1871 2644">
    <p class='ocr_par' dir='ltr' id='par_1_5' title="bbox 353 2597 1871 2644">
     <span class='ocr_line' id='line_1_30' title="bbox 353 2597 1871 2644; baseline -0.001 -11"><span class='ocrx_word' id='word_1_305' title='bbox 353 2600 362 2619; x_wconf 90' lang='lat'><strong>¹</strong></span> <span class='ocrx_word' id='word_1_306' title='bbox 413 2597 575 2633; x_wconf 89' lang='lat' dir='ltr'>Scilicet</span> <span class='ocrx_word' id='word_1_307' title='bbox 594 2599 637 2633; x_wconf 92' lang='lat' dir='ltr'>P.</span> <span class='ocrx_word' id='word_1_308' title='bbox 658 2599 799 2634; x_wconf 84' lang='lat' dir='ltr'>Petrus</span> <span class='ocrx_word' id='word_1_309' title='bbox 818 2599 867 2634; x_wconf 90' lang='lat' dir='ltr'>de</span> <span class='ocrx_word' id='word_1_310' title='bbox 886 2599 995 2635; x_wconf 89' lang='lat' dir='ltr'>Soto.</span> <span class='ocrx_word' id='word_1_311' title='bbox 1018 2600 1117 2636; x_wconf 88' lang='lat' dir='ltr'>Vide</span> <span class='ocrx_word' id='word_1_312' title='bbox 1137 2601 1354 2644; x_wconf 74' lang='lat' dir='ltr'>POLANCQ</span> <span class='ocrx_word' id='word_1_313' title='bbox 1378 2599 1541 2641; x_wconf 67' lang='lat' dir='ltr'>Clzron„</span> <span class='ocrx_word' id='word_1_314' title='bbox 1562 2599 1612 2643; x_wconf 90' lang='lat' dir='ltr'>V,</span> <span class='ocrx_word' id='word_1_315' title='bbox 1631 2598 1715 2644; x_wconf 73' lang='lat'>208,</span> <span class='ocrx_word' id='word_1_316' title='bbox 1734 2610 1772 2633; x_wconf 90' lang='lat' dir='ltr'>n.</span> <span class='ocrx_word' id='word_1_317' title='bbox 1788 2597 1871 2643; x_wconf 77' lang='lat'>746.</span> 
     </span>
    </p>
   </div>
  </div>
 </body>
</html>
