2038 3313
313 225 383 272 798
938 223 1077 258 EP1sT.
1105 222 1148 256 Ρ.
1179 219 1331 256 NADAL

467 435 725 478 ExcERPTA
770 448 832 477 EX
876 447 1036 477 VARIIS
1082 446 1333 476 EPISTOLIS
1378 446 1438 475 ET
1487 445 1799 476 DocUMENTIS

554 526 617 555 DE
641 525 795 555 REBUS
818 525 990 554 GESTIS
1015 512 1197 553 PATRIS
1222 511 1507 553 HIERONYMI
1532 511 1702 553 NADAL

994 588 1265 642 1546—1562.

399 732 780 777 Bartholomaeus
803 733 995 784 Ferrom,
1026 680 1167 774 Patisz‘
1195 732 1374 774 Simoni
1403 732 1688 789 Rodriguez.
1724 733 1909 785 Romae,
1929 731 1956 774 8

309 795 515 852 Augusti
539 795 788 848 1546.—-...
816 793 946 836 Vltra
968 794 1114 845 desto,
1147 806 1255 848 pera
1278 806 1366 846 que
1395 793 1526 834 todos
1554 807 1637 834 nos
1666 806 1881 848 gozemos
1899 806 1955 835 en

309 856 351 899 el
373 856 520 899 Senos
541 860 728 896 nuestro
752 866 838 895 con
861 853 929 895 105
951 867 1128 895 nueuos
1150 852 1324 895 sieruos
1349 866 1436 907 que
1459 867 1567 908 para
1589 855 1626 894 si
1649 852 1798 904 llama,
1831 851 1957 895 aueis

309 915 367 959 de
389 915 537 966 saber,
564 916 710 967 corno,
736 927 796 955 no
817 913 1046 955 hablando
1070 913 1127 954 de
1148 913 1340 955 muchos
1362 926 1452 966 que
1474 914 1612 955 ahora
1634 927 1717 954 son
1746 919 1957 967 accepta—

309 975 392 1017 dos
413 989 471 1019 en
488 974 532 1016 la
547 973 815 1029 Compafiia‚
837 976 966 1015 estan
984 973 1026 1015 al
1042 980 1253 1028 presente
1276 970 1388 1031 [dos]
1405 986 1513 1028 pera
1529 973 1666 1014 hazer
1683 972 1952 1027 profession:

308 1035 350 1077 el
372 1049 463 1078 vno
485 1048 535 1076 es
557 1034 599 1075 el
623 1034 704 1075 P.e
731 1033 889 1075 dottor
912 1033 1096 1075 Manuel
1119 1035 1303 1088 Myona,
1333 1047 1362 1087 y
1384 1032 1426 1074 el
1449 1038 1547 1074 otro
1571 1032 1612 1074 el
1637 1032 1783 1075 Padre
1805 1032 1956 1074 dottor

310 1093 577 1137 Hieronimo
600 1093 748 1135 Nadal
853 1094 1107 1144 ¹.—Roma,
1136 1094 1160 1134 8
1179 1093 1236 1135 de
1259 1094 1440 1148 Agosto
1462 1092 1519 1134 de
1543 1093 1653 1146 1546
1676 1093 1707 1134 ⁶².

399 1215 458 1258 P.
486 1214 658 1266 Miron,
686 1215 841 1255 sancto
870 1213 1056 1269 Ignatio
1084 1160 1147 1254 ele2
1169 1213 1350 1268 Loyola.
1390 1212 1721 1265 Conz‘zzzbricae,
1766 1212 1956 1255 Octobre

311 1284 560 1329 1553.—..,
588 1275 819 1328 Comenco
841 1272 898 1314 de
921 1273 1097 1328 aquella
1121 1272 1275 1328 gracia
1297 1273 1353 1315 de
1383 1271 1653 1315 tribulacion
1675 1287 1705 1327 y
1733 1273 1788 1314 de
1815 1286 1956 1327 aque--

307 1335 389 1378 llas
422 1338 564 1379 raizes
592 1341 836 1376 mostrarse
858 1333 900 1374 el
927 1333 1076 1375 fructo
1098 1348 1126 1388 y
1157 1334 1198 1376 61
1226 1339 1475 1388 augmento
1503 1332 1561 1376 de
1592 1333 1634 1375 13
1658 1332 1910 1388 Compania
1932 1336 1957 1375 3

308 1393 452 1437 maior
480 1393 625 1451 gloria
655 1409 684 1450 y
712 1393 929 1448 3131131103
958 1393 1015 1435 (16
1053 1394 1141 1435 X.0
1167 1400 1354 1435 nuestro
1392 1392 1568 1435 criador
1591 1407 1620 1448 y
1644 1393 1837 1444 Senhor,
1863 1407 1892 1448 y
1913 1392 1957 1435 13

308 1454 502 1511 primera
524 1453 678 1511 gracia
701 1454 792 1506 fue,
829 1467 917 1508 que
950 1456 976 1495 a
998 1465 1054 1495 2o
1077 1453 1173 1496 dias
1196 1453 1317 1509 llego
1339 1453 1382 1495 61
1406 1453 1553 1495 Padre
1582 1459 1780 1495 maestro
1811 1452 1958 1495 Nadal

308 1529 396 1557 con
418 1515 484 1557 135
507 1512 846 1558 constituicioes
874 1511 989 1571 [sic]:
1022 1527 1105 1555 nos
1128 1512 1202 1555 dio
1232 1519 1357 1556 tanta
1385 1512 1674 1555 consolacion
1702 1516 1728 1555 3
1757 1513 1887 1555 todos
1916 1512 1959 1555 el

308 1575 501 1627 Senhor,
526 1590 556 1630 y
579 1573 795 1617 charidad
811 1588 840 1628 y
862 1572 1139 1615 renouaciOn
1160 1574 1213 1615 de
1232 1572 1408 1628 spiritu,
1431 1580 1600 1628 quanta
1622 1573 1665 1615 la
1688 1572 1958 1615 tribulacion

306 1635 498 1690 passada
520 1648 603 1678 nos
625 1632 846 1690 prometio
868 1648 925 1676 en
948 1634 990 1677 el
1012 1634 1190 1677 Senhor
1212 1648 1270 1688 ya
1292 1639 1436 1685 antes3
1470 1647 1500 1688 y
1528 1633 1723 1688 despues
1752 1632 1809 1676 de
1830 1631 1957 1688 puri—

307 1695 454 1737 ficada
476 1694 519 1737 13
535 1708 656 1748 0353,
678 1697 787 1736 aura
805 1693 978 1749 grande
997 1692 1134 1735 vnion
1152 1708 1180 1748 y
1197 1708 1297 1749 paz,
1319 1691 1550 1735 Auiuosse
1566 1707 1622 1735 en
1641 1707 1754 1749 gran
1773 1706 1958 1735 manera

307 1755 350 1798 el
372 1753 531 1810 spiritu
555 1768 613 1796 en
636 1755 782 1808 todos,
808 1754 850 1796 61
880 1754 1032 1796 feruor
1061 1753 1119 1797 de
1148 1754 1189 1796 13
1217 1751 1449 1806 charidad,
1476 1767 1505 1808 y
1534 1753 1662 1805 zello,
1689 1767 1719 1808 y
1741 1752 1877 1795 deseo
1900 1753 1956 1795 de

308 1815 415 1857 toda
436 1813 681 1870 perfecion,
723 1827 811 1868 que
848 1827 984 1869 agora
1012 1828 1097 1856 nos
1126 1827 1288 1869 parece
1318 1827 1398 1855 uer
1426 1827 1455 1868 y
1483 1812 1624 1855 sentir
1652 1826 1752 1855 com
1782 1812 1956 1868 grande

306 1873 505 1917 claridad
528 1889 557 1930 y
580 1872 734 1931 gracia
765 1873 839 1915 del
868 1874 1049 1918 Senhor
1079 1873 1121 1915 el
1151 1873 1401 1926 uerdadero
1429 1872 1590 1928 spiritu
1613 1873 1669 1916 de
1691 1873 1734 1915 13
1758 1873 1956 1928 Compa-

305 1937 396 1987 fiia,
422 1949 451 1990 y
474 1948 563 1989 que
585 1935 641 1977 de
664 1948 817 1977 nueuo
840 1947 989 1976 sornos
1012 1932 1334 1989 participantes
1357 1932 1430 1975 del
1451 1932 1608 1975 diuino
1637 1948 1666 1988 y
1695 1932 1956 1975 abundante

305 1993 479 2037 influxo
502 1995 559 2038 de
581 1994 625 2037 13
646 1992 802 2050 gracia
823 1994 896 2036 del
920 1994 1099 2037 Senhor
1116 2000 1359 2036 nuestro...
1382 2000 1413 2034 ⁰.

1119 2059 1146 2094 3

397 2115 473 2157 Ex
494 2114 679 2170 epistola
701 2114 852 2170 ignoti
873 2114 1087 2166 auctoris,
1114 2113 1441 2165 Conimbrz'cae,
1465 2113 1524 2154 ad
1541 2113 1714 2155 sodales
1731 2112 1854 2168 apud
1880 2112 1956 2154 in-

308 2174 387 2216 dos
409 2174 622 2231 degentes
645 2174 766 2226 data,
790 2184 847 2215 21
878 2172 1106 2230 januarii
1146 2183 1274 2227 1554.
1298 2198 1394 2215 -—...
1437 2173 1490 2215 El
1515 2173 1661 2215 Padre
1691 2170 1957 2215 Hieronirno

307 2234 454 2277 Nadal
478 2234 554 2277 fue
571 2233 779 2277 embiado
801 2234 857 2276 de
879 2240 1067 2276 nuestro
1089 2248 1147 2275 en
1169 2234 1256 2275 X.0
1286 2233 1432 2275 Padre
1454 2239 1650 2275 maestro
1668 2231 1852 2288 Ignacio
1875 2245 1957 2287 por

307 2292 615 2337 commissario
638 2293 825 2349 general
847 2294 904 2336 de
928 2294 1177 2348 Hespanha
1199 2293 1240 2335 61
1263 2299 1383 2335 anno
1406 2293 1597 2348 passado
1621 2293 1676 2334 de
1701 2302 1827 2346 1553,
1849 2305 1956 2346 pera

307 2353 500 2396 ordenar
521 2354 588 2396 135
611 2367 740 2396 00535
762 2353 878 2396 dela
900 2354 1153 2408 Compania
1181 2367 1239 2395 en
1261 2359 1381 2396 estas
1405 2359 1555 2408 partes
1583 2359 1628 2395 et
1658 2350 1862 2407 publicar
1889 2351 1956 2393 las

308 2412 674 2456 constituitiones
696 2413 830 2467 della,
856 2428 945 2469 que
966 2415 1097 2455 hasta
1120 2427 1226 2455 aora
1248 2427 1308 2455 no
1332 2417 1436 2455 erao
1454 2411 1729 2468 publicadas.
1747 2412 1956 2466 Despues

307 2473 364 2515 de
387 2474 550 2516 acabar
573 2488 631 2517 en
654 2463 806 2515 Euora
827 2488 856 2528 y
879 2487 937 2515 en
960 2472 1174 2523 Lisbona,
1200 2471 1307 2514 vino
1330 2477 1356 2515 a
1377 2480 1473 2515 este
1495 2471 1689 2527 collegio
1706 2469 1777 2527 [de
1800 2470 1955 2513 Coim-

306 2532 402 2591 bra]
425 2537 450 2575 a
472 2534 539 2575 105
569 2546 583 2575 Ι
599 2546 614 2576 Ι
642 2533 698 2576 (16
722 2533 943 2585 Octubre,
970 2547 998 2587 y
1022 2546 1108 2575 con
1131 2533 1172 2574 el
1189 2533 1230 2574 61
1251 2534 1330 2574 Re
1358 2532 1519 2575 Miron.
1544 2531 1869 2574 Recebieronlo
1887 2530 1954 2572 105

307 2594 549 2636 hermanos
573 2607 658 2635 con
681 2594 847 2636 mucha
869 2593 1039 2648 alegria
1062 2608 1091 2648 y
1119 2591 1423 2644 consolacion,
1454 2606 1626 2648 porque
1650 2594 1753 2634 auia
1774 2605 1831 2646 ya
1859 2590 1956 2632 dias

381 2702 389 2721 ¹
443 2700 545 2734 Nota
563 2710 639 2734 non
658 2711 880 2734 sermonem
900 2711 988 2735 esse
1006 2700 1069 2735 hic
1088 2700 1135 2734 de
1156 2698 1400 2746 professione
1419 2699 1574 2746 proprie
1592 2698 1711 2745 dicta,
1730 2697 1802 2733 sed
1821 2697 1870 2732 de
1888 2708 1955 2732 vo-

308 2746 358 2781 tis
378 2747 636 2793 simplicibus.
658 2747 759 2782 Vide
779 2748 895 2794 epist.
916 2757 977 2792 41.

378 2797 391 2816 ‘2
442 2796 501 2830 Ex
523 2794 617 2830 Cod.
639 2804 697 2840 27,
718 2795 785 2830 fol.
807 2795 865 2840 84.
887 2795 987 2830 Vide
1008 2796 1206 2831 Notitiam
1226 2796 1421 2836 codicum,
1442 2806 1572 2841 supra,
1593 2805 1682 2840 pag.
1702 2803 1782 2830 LXI.
1800 2793 1956 2828 Titulus

307 2842 396 2877 huic
415 2843 605 2889 epistolae
624 2843 834 2889 praefixus:
860 2842 985 2889 Copia
1010 2845 1057 2879 de
1082 2847 1171 2878 οἴνα
1190 2844 1253 2879 del
1278 2844 1421 2878 mismo
1449 2843 1519 2877 Re
1541 2843 1773 2877 Bertolame'
1799 2840 1956 2876 Ferrdn

301 2893 404 2972 {iera
422 2891 548 2972 el6P.‘-'
586 2891 663 2926 ,ΜΡ
683 2891 844 2936 Syneon,
861 2893 1099 2938 prouincial
1117 2893 1162 2926 de
1185 2891 1402 2938 Portzcgal,
1423 2891 1470 2925 de
1491 2892 1620 2925 Roma
1638 2893 1663 2925 ά
1681 2889 1706 2924 8
1730 2890 1776 2924 de
1805 2889 1955 2936 Agosto

336 2949 354 2971 e
373 2947 444 2981 154
479 2965 486 2973 .

377 2986 389 3005 ⁵
442 2986 499 3019 Ex
522 2985 616 3020 Cori.
638 2987 702 3028 26,
723 2985 788 3020 fol.
810 2986 891 3030 267,
911 2998 949 3020 v.
976 2987 1131 3021 Titulus
1156 2985 1390 3033 apographi:
1424 2984 1551 3020 Carta
1577 2996 1650 3030 que
1678 2996 1699 3019 o
1726 2985 1799 3020 P.2
1821 2984 1955 3031 Diogo

308 3031 460 3075 Mirdn,
497 3037 626 3068 rector
657 3046 730 3079 que
757 3033 835 3079 fue
866 3035 973 3068 desto
1005 3035 1171 3081 collegio
1209 3036 1255 3069 de
1295 3033 1530 3069 Coimbra...
1566 3044 1748 3068 escreueo
1782 3045 1808 3067 a
1840 3042 1953 3067 nosso

309 3080 380 3113 P.e
402 3080 582 3126 Ignacio,
603 3083 650 3116 de
673 3081 861 3116 Coimbra
879 3093 940 3116 em
964 3081 1142 3117 Outubro
1167 3083 1214 3117 de
1233 3091 1338 3126 1553.
