2038 3313
819 227 1038 262 APPENDIX
1680 225 1748 271 805

104 324 252 368 sti'tuit
274 330 326 366 ut
348 331 572 379 quotquot
589 324 710 367 domi
729 330 856 368 erant
880 323 962 366 sibi
982 322 1183 379 generali
1202 336 1317 378 pene
1335 321 1624 366 confessione
1640 336 1750 365 con-

106 385 359 436 fiterentur,
385 399 468 426 suo
491 384 656 439 cuique
678 383 949 440 praestituto
973 383 1060 426 die.

200 443 387 487 Tacitus
431 451 666 499 praetereo
700 443 787 486 alia
825 441 1169 486 consuetudinis
1207 441 1610 496 familiaritatisque
1643 457 1752 485 con-

109 503 334 547 iunctiora
356 518 541 560 genera.
569 503 795 547 inuitabat
817 517 974 545 omnes
998 501 1155 544 ordine
1178 502 1234 543 ad
1256 516 1475 553 mensam,
1502 516 1624 544 nunc
1647 504 1748 554 hos,

110 578 234 606 nunc
257 563 371 615 illos,
398 564 544 605 donec
572 579 630 607 ne
663 578 782 605 unus
812 562 993 617 quidem
1026 568 1299 617 superesset.
1337 563 1508 616 ltaque,
1544 568 1596 603 ut
1623 562 1751 617 coepi

110 623 275 675 dicere,
303 638 629 678 nonnunquam
653 622 846 678 publicis
864 621 1271 674 exhortationibus,
1293 635 1634 675 nonnumquam
1653 636 1750 663 mo-

110 683 216 726 nitis
238 682 615 738 documentisque
637 682 842 738 priuatis,
870 681 1035 737 quibus
1058 681 1263 736 singulos
1286 680 1554 732 instruebat,
1577 681 1751 723 inflam-

109 757 232 785 mare
255 743 493 786 uniuersos
517 742 645 798 quasi
668 742 938 797 quibusdam
961 740 1125 783 amoris
1150 740 1324 783 facibus
1346 755 1624 796 magnopere
1653 740 1751 783 eni—

110 803 304 856 tebatur3
332 804 453 858 quod
476 809 527 844 ut
556 801 837 844 commodius
866 807 1199 855 assequeretur,
1231 799 1434 843 decreuit
1462 806 1508 842 et
1537 799 1666 843 iussit
1699 807 1750 842 ut

108 869 236 906 sexta
269 877 450 917 quaque
480 862 591 905 feria
619 861 812 917 singulis
842 860 1154 911 hebdomadis,
1182 860 1301 902 intra
1329 859 1464 902 unius
1487 862 1624 903 horae
1647 875 1750 915 spa—

109 922 236 974 tium,
269 923 468 965 alternae
491 924 767 965 haberentur
789 920 1031 963 conciones
1061 927 1106 962 et
1129 919 1393 962 collationes
1421 919 1677 975 spirituales
1704 920 1751 961 in

108 982 310 1024 omnium
335 983 523 1024 fratrum
549 984 828 1035 Patrumque
851 979 1121 1035 frequentia,
1147 978 1324 1021 omissis
1347 979 1432 1031 his,
1458 993 1570 1033 quas
1594 980 1649 1021 ad
1667 994 1750 1021 no—

108 1041 244 1084 1111105
266 1041 478 1097 priuatim
501 1041 657 1084 haberi
682 1040 827 1083 uoluit
849 1039 1113 1084 crebriores.
1142 1039 1302 1082 Visum
1321 1038 1454 1081 etiam
1474 1039 1559 1080 fuit
1578 1039 1702 1081 Patri
1727 1054 1752 1081 e

109 1117 157 1145 re
193 1108 349 1144 nostra
387 1102 481 1144 fore
510 1101 547 1144 si
578 1101 723 1143 nostri
753 1099 1025 1142 christianae
1059 1098 1291 1141 doctrinae
1320 1098 1537 1153 puerilem
1566 1098 1750 1141 institu-

109 1161 279 1205 tionem
302 1161 602 1217 susciperent,
629 1176 707 1216 per
730 1174 887 1202 omnes
909 1159 1045 1201 huius
1069 1158 1193 1201 urbis
1211 1158 1462 1213 parochias,
1483 1157 1557 1200 cui
1575 1158 1751 1200 muneri

109 1223 265 1264 datum
287 1221 375 1264 iam
399 1228 467 1264 est
490 1221 667 1263 initium
692 1219 785 1275 pari
809 1227 1099 1270 externorum
1131 1218 1324 1260 utilitate
1351 1225 1399 1263 et
1427 1218 1751 1273 approbatione

108 1288 154 1325 et
175 1281 526 1324 domesticorum
550 1280 833 1323 iucunditate
856 1286 901 1321 et
923 1278 1240 1321 oblectatione.

199 1341 338 1384 Miros
361 1355 545 1396 quoque
568 1340 698 1383 nobis
722 1338 931 1395 praebuit
952 1339 1099 1391 ludos,
1126 1336 1336 1380 distribui
1359 1336 1494 1379 iussis
1511 1336 1664 1379 multis
1683 1337 1752 1379 di-

111 1415 271 1444 uorum
294 1400 510 1455 reliquiis,
538 1415 650 1455 quas
682 1399 869 1451 ferebat,
902 1405 947 1441 et
979 1398 1255 1451 imaginibus
1285 1412 1365 1452 per
1395 1397 1544 1439 uarias
1572 1411 1753 1439 mensas

110 1460 267 1504 ordine
305 1461 563 1502 collocatas.
607 1458 884 1503 Conuocatis
912 1473 1023 1514 ergo
1058 1457 1270 1500 Patribus
1303 1463 1348 1498 et
1381 1457 1611 1507 fratribus,
1648 1464 1753 1512 post

109 1520 315 1562 diuinum
347 1520 563 1562 auxilium
593 1519 872 1570 inuocatum,
905 1517 1198 1573 omniumque
1227 1523 1487 1559 sanctorum
1516 1517 1752 1572 implorata

109 1580 342 1636 suffragia,
383 1587 485 1635 post
516 1579 696 1622 litanias
735 1593 760 1621 a
797 1578 1060 1620 cantoribus
1098 1592 1190 1619 non
1228 1576 1495 1628 insuauiter,
1538 1590 1623 1619 nec
1655 1576 1752 1619 sine

109 1639 390 1683 audientium
423 1639 497 1695 pia
529 1638 772 1682 deuotione
804 1637 1036 1693 repetitas,
1069 1645 1231 1692 coepta
1260 1643 1368 1678 sunt
1400 1636 1531 1691 seligi
1564 1650 1752 1679 munera

111 1699 288 1752 sortito,
314 1707 365 1742 ut
387 1699 611 1753 cuiusque
633 1713 799 1741 nomen
824 1698 1118 1741 educebatur.
1142 1698 1275 1752 Quae
1292 1695 1550 1739 distributio
1568 1695 1752 1739 mirabi-

109 1759 212 1802 liter
235 1774 391 1803 omnes
415 1758 580 1810 affecit,
607 1758 870 1814 praesertim
895 1758 999 1812 quia
1020 1772 1156 1799 noua.

200 1819 411 1874 Denique
427 1818 700 1861 laudabilem
720 1817 967 1872 utilemque
986 1831 1158 1859 morem
1176 1815 1441 1866 introduxit,
1461 1815 1687 1867 uidelicet,
1703 1823 1753 1858 ut

112 1894 165 1923 eo
188 1879 276 1931 die,
302 1878 380 1934 qui
402 1878 571 1921 sanctis
594 1877 809 1934 apostolis
834 1879 970 1920 Petro
993 1883 1037 1919 et
1063 1876 1204 1918 Paulo
1228 1889 1354 1919 sacer
1372 1874 1521 1917 dictus
1539 1882 1623 1928 est,
1646 1882 1754 1917 uota

110 1939 488 1991 instaurarentur,
514 1937 772 1994 praemissis
802 1937 950 1979 triduo
979 1935 1146 1978 litaniis
1175 1950 1325 1978 coram
1354 1934 1639 1977 sanctissimo
1668 1936 1752 1979 Sa-

111 2006 342 2042 cramento
366 2005 410 2042 et
434 2013 675 2053 corporum
700 1996 1014 2053 castigatione,
1047 1994 1341 2052 generalique
1371 1995 1670 2046 confessione,
1703 2002 1754 2036 ut

110 2066 179 2102 est
201 2057 547 2102 consuetudinis
570 2072 797 2100 romanae.

200 2118 286 2161 His
308 2119 490 2161 demum
515 2116 790 2168 constitutis,
817 2114 1024 2159 discessit
1050 2117 1200 2165 Pater,
1227 2129 1317 2156 non
1341 2113 1491 2155 minus
1523 2113 1592 2155 sui
1622 2113 1753 2155 nobis

110 2177 370 2232 relinquens
408 2177 696 2228 desiderium,
731 2191 865 2230 quam
895 2174 1037 2217 nostri
1068 2175 1231 2226 ferens,
1269 2173 1315 2215 in
1344 2173 1474 2215 cuius
1508 2172 1658 2215 animo
1688 2173 1753 2215 sic

110 2252 193 2280 nos
210 2240 395 2281 haerere
413 2237 695 2288 uidebamur,
715 2244 765 2277 ut
783 2234 884 2277 1116
873 2250 919 2276 111
937 2233 1102 2276 11051115
1120 2235 1337 2276 haerebat
1354 2232 1620 2275 uisceribus.
1646 2233 1752 2276 Cle—

110 2296 418 2340 mentissimus
441 2296 514 2339 1116
531 2299 681 2353 Jesus,
708 2295 838 2338 cuius
861 2294 1026 2336 missus
1043 2301 1112 2336 est
1129 2292 1380 2336 beneficio
1370 2308 1415 2334 111
1432 2295 1519 2335 1100
1537 2307 1747 2347 regnum,

112 2364 162 2399 ut
184 2364 362 2399 nostros
386 2356 558 2398 animos
583 2363 648 2398 tot
672 2362 850 2398 ornaret
873 2354 1019 2406 bonis,
1047 2361 1091 2397 et
1122 2360 1355 2408 tantopere
1377 2352 1593 2396 Societati
1625 2366 1752 2394 com-

112 2417 331 2467 modaret,
359 2423 625 2470 tantumque
648 2417 828 2457 afferret
851 2412 1134 2466 incrementi,
1161 2412 1234 2454 ille
1262 2412 1445 2478 inquam
1476 2411 1602 2463 faxit,
1635 2426 1751 2466 quae

112 2483 181 2520 est
204 2475 301 2518 eius
324 2475 543 2518 immensa
565 2474 803 2518 clementia
825 2481 870 2516 et
892 2473 1086 2524 bonitas,
1119 2473 1275 2514 saluus
1303 2472 1381 2514 diu
1410 2471 1468 2513 sit
1498 2478 1543 2514 et
1575 2471 1751 2513 11100111--

111 2535 211 2589 11115,
238 2535 383 2589 iisque
405 2534 595 2586 uiribus,
621 2534 786 2590 quibus
808 2535 963 2576 datum
986 2532 1071 2574 sibi
1094 2531 1347 2587 negotium,
1373 2531 1419 2573 in
1438 2545 1527 2586 quo
1544 2545 1636 2573 non
1654 2530 1750 2574 exi

111 2610 204 2651 gua
242 2610 343 2650 pars
380 2594 522 2636 diuini
544 2594 731 2637 honoris
754 2592 963 2643 uertitur,
990 2599 1034 2635 et
1057 2567 1222 2633 multas
1245 2605 1479 2646 speramus
1502 2589 1751 2634 consistere

112 2654 343 2705 utilitates,
370 2668 462 2696 non
485 2655 629 2697 solum
653 2655 902 2709 protrahat,
929 2652 1009 2694 sed
1031 2650 1165 2694 etiam
1188 2650 1356 2693 maiore
1384 2665 1488 2692 cum
1518 2649 1750 2692 christiani

110 2713 304 2756 nominis
326 2714 460 2755 laude
483 2720 528 2757 et
549 2713 732 2756 diuinae
749 2710 997 2755 maiestatis
1016 2709 1175 2766 gloria,
1198 2717 1248 2751 ut
1265 2724 1347 2752 nos
1366 2716 1490 2752 tenet
1507 2724 1626 2765 spes,
1648 2715 1750 2751 tan-

110 2775 212 2816 dem
236 2772 455 2839 perficiat.

200 2832 283 2875 111
272 2847 369 2887 ipso
392 2832 612 2883 discessu,
639 2846 695 2874 ne
718 2831 754 2872 is
777 2829 911 2873 etiam
942 2828 1147 2871 utilitatis
1178 2843 1351 2871 uacuus
1379 2834 1514 2879 esset,
1547 2826 1593 2869 in
1621 2842 1750 2870 man-

110 2891 228 2934 datis
251 2891 431 2946 reliquit
454 2899 504 2934 ut
525 2897 854 2946 proponeretur
882 2888 1213 2944 quamprimum
1243 2888 1482 2943 catalogus
1505 2886 1751 2930 mortifica—

113 2951 302 3002 tionum,
330 2951 495 3006 quibus
514 2964 676 2994 uacare
694 2963 929 3005 possemus
947 2947 1180 2991 ardentius
1197 2962 1300 2990 cum
1319 2946 1476 2989 maiori
1494 2948 1747 3000 commodo,

112 3025 203 3077 quo
226 3017 426 3066 tempore
448 3026 474 3054 a
496 3009 726 3054 literarum
743 3007 905 3051 studiis
923 3021 1203 3050 uacaremus.
1226 3008 1364 3049 Hunc
1382 3007 1641 3062 catalogum
1659 3021 1751 3049 non

114 3070 175 3113 ita
197 3071 339 3114 multo
362 3077 466 3113 ante
489 3076 631 3113 statos
654 3068 866 3113 feriarum
889 3067 1001 3120 dies,
1028 3081 1281 3110 sermonem
1299 3067 1356 3111 de
1373 3065 1651 3123 poenitentia
1667 3068 1749 3111 ha-
