2038 3313
233 214 280 241 20
331 205 333 208 “
829 201 996 237 CHRON.
1025 201 1068 236 P.
1097 201 1284 236 NATALIS

324 306 396 359 64.
465 303 713 357 Exultatio,
740 318 879 359 quum
910 304 966 346 de
995 302 1121 359 ligno
1149 302 1298 345 crucis
1326 301 1435 344 mihi
1464 301 1588 344 dedit
1618 303 1671 344 P.
1706 302 1880 344 Dome-

234 397 393 426 necus.

324 461 395 515 65.
461 460 668 503 Dabatur
698 458 807 501 mihi
836 459 892 501 ad
920 457 1188 500 verrendam
1219 456 1415 499 culinam
1439 470 1576 511 scopa
1597 470 1622 498 e
1656 454 1879 498 truncatis

231 536 459 594 virgultis,
485 543 535 579 vt
556 536 798 579 difficulter
819 550 998 591 possem
1021 549 1218 586 verrere,
1245 534 1367 589 quod
1389 548 1462 576 me
1485 532 1701 576 exercuit.

322 616 393 658 66.
460 614 651 657 Iubebat
687 628 759 656 me
790 615 842 656 P.
877 611 1082 668 ignatius
1113 612 1266 654 fodere
1294 611 1340 652 in
1369 612 1524 662 horto,
1557 624 1661 652 cum
1689 610 1877 653 suffulta

228 692 422 748 pellibus
443 697 587 743 veste,
614 698 659 734 et
681 690 946 733 obambulat
969 703 1072 731 cum
1095 690 1294 731 Doctore
1318 687 1533 730 Torrensi
1560 689 1588 730 ¹.

320 770 391 823 67.
458 767 721 811 Consolatio
744 767 791 809 in
814 766 1068 817 refectorio,
1097 766 1218 820 quod
1234 768 1361 808 Deus
1384 780 1456 808 me
1479 765 1634 808 aleret.

318 847 390 889 68.
457 847 618 888 Fames
646 843 1016 894 extraordinaria,
1043 844 1100 885 de
1128 857 1233 897 qua,
1266 857 1406 897 quum
1436 843 1700 898 scrupulum
1734 842 1877 886 refer—

228 938 323 967 rem
341 924 397 981 ad
414 924 465 966 P.
485 921 729 978 Ignatium,
752 920 933 977 rogauit
950 935 1006 962 ex
1022 934 1109 971 me,
1132 934 1347 974 quorsum
1366 920 1665 963 comederem:
1687 934 1874 975 respon-

227 1001 287 1053 di,
314 1008 364 1043 vt
384 1000 587 1043 viuerem
610 1000 666 1042 ad
689 999 912 1055 agendam
936 998 992 1041 de
1014 997 1214 1053 peccatis
1231 997 1571 1053 poenitentiam,
1593 1004 1637 1040 et
1658 999 1757 1040 Deo
1780 1011 1878 1040 ser-

228 1078 461 1121 uiendum.
496 1076 624 1119 Dixit
658 1075 833 1132 placide
872 1075 1127 1118 subridens:
1174 1076 1401 1118 «Comede
1437 1074 1595 1131 igitur,
1631 1089 1875 1131 pauperem

227 1171 344 1198 me.»
372 1156 479 1210 Quo
501 1153 673 1205 audito,
699 1152 764 1195 fui
787 1152 862 1195 illo
886 1153 1101 1208 scrupulo
1123 1153 1318 1195 leuatus.

842 1274 894 1306 14
917 1280 1111 1314 JANUARJJ
1137 1273 1265 1307 1546.

320 1376 392 1432 69.
459 1376 615 1430 Quum
654 1389 725 1416 me
762 1372 950 1416 vrsisset
973 1373 1047 1416 illa
1085 1374 1320 1430 cogitatio,
1354 1389 1425 1417 me
1448 1389 1538 1417 non
1567 1375 1736 1417 habere
1770 1382 1875 1419 vota

230 1451 497 1508 religionis„
519 1466 603 1494 nec
641 1465 740 1494 esse
769 1449 1049 1505 religiosum,
1086 1466 1190 1493 nam
1219 1451 1455 1507 superiora
1478 1459 1584 1494 vota
1613 1459 1789 1494 tantum
1818 1453 1878 1496 de

229 1529 451 1573 vouendis
473 1528 592 1571 votis
614 1527 847 1584 religionis
871 1527 1099 1587 [fuerant],
1121 1528 1293 1571 contuli
1310 1544 1382 1572 me
1400 1530 1457 1571 ad
1474 1529 1672 1572 rationes
1689 1529 1874 1573 electio-

228 1607 298 1650 nis
320 1622 377 1650 ex
405 1605 646 1658 exercitiis,
680 1604 866 1648 adhibui
899 1605 1142 1658 orationes,
1176 1621 1305 1648 sacra
1327 1606 1434 1649 item
1458 1606 1637 1659 missae,
1664 1621 1781 1663 quae
1803 1622 1878 1651 me

229 1699 283 1727 eo
306 1684 610 1736 adduxerunt,
635 1690 686 1725 vt
709 1683 841 1738 plane
864 1683 1026 1725 vellem
1050 1690 1156 1725 vota
1188 1697 1229 1737 3,
1262 1683 1557 1740 paupertatis,
1585 1684 1806 1728 castitatis
1829 1692 1874 1727 et

228 1760 529 1812 obedientiae,
561 1760 710 1803 edere.
753 1759 889 1803 Volui
929 1767 1078 1802 tamen
1114 1775 1207 1803 rem
1241 1761 1419 1804 deferre
1447 1762 1503 1804 ad
1542 1763 1594 1804 P.
1623 1762 1868 1818 Ignatium:

230 1837 462 1894 respondit
485 1844 607 1881 recte
630 1851 723 1879 rem
747 1838 931 1890 habere;
963 1852 1146 1880 «verum
1169 1840 1255 1880 hoc
1279 1838 1401 1881 audi:
1422 1838 1585 1894 inquit,
1613 1846 1661 1881 tu
1680 1839 1768 1882 iam
1785 1842 1875 1883 hoc

228 1917 369 1959 habes
399 1914 609 1958 meritum
638 1916 758 1970 apud
797 1917 962 1968 Deum,
1003 1916 1125 1970 quod
1162 1915 1275 1958 velis
1303 1915 1377 1958 illa
1407 1923 1512 1959 vota
1539 1932 1723 1960 vouere:
1750 1932 1875 1961 nunc

228 2001 378 2036 tamen
402 1992 524 2035 aliud
547 1994 633 2035 hoc
657 1992 866 2035 meritum
890 1992 1093 2048 concipe,
1121 2000 1170 2035 vt
1191 1993 1266 2035 illa
1288 2008 1346 2036 ne
1375 1993 1513 2036 facias
1536 2001 1657 2047 vota,
1684 1996 1806 2049 quod
1828 1995 1873 2038 id

227 2070 335 2112 mihi
365 2084 457 2112 non
486 2069 739 2112 videatur.»
783 2069 1026 2124 Aequieui3
1065 2085 1222 2113 verum
1253 2086 1392 2126 quum
1425 2071 1651 2123 abiissem,
1693 2088 1873 2115 rursum

226 2147 366 2190 subiit
388 2161 460 2189 me
483 2146 717 2203 cogitatio:
744 2146 817 2189 cui
843 2153 891 2188 tu
915 2161 1071 2198 voues,
1099 2147 1276 2204 Ignatio
1304 2163 1362 2191 an
1385 2150 1504 2191 Deo?
1528 2164 1646 2192 voue
1669 2149 1871 2194 omnino:

225 2225 287 2267 ita
308 2226 406 2267 vult
430 2226 571 2267 Deus.
600 2225 728 2266 Haec
752 2224 970 2280 cogitatio
994 2224 1099 2267 fecit
1117 2232 1167 2267 vt
1188 2232 1434 2268 statuerem
1452 2228 1573 2282 apud
1590 2242 1663 2270 me
1685 2242 1869 2281 vouere,

225 2301 367 2344 inscio
392 2303 444 2344 P.
472 2300 664 2357 Ignatio.
693 2302 743 2343 In
772 2303 859 2344 hoc
887 2316 1028 2356 quum
1058 2316 1219 2354 essem,
1262 2311 1649 2358 repraesentatum
1673 2304 1781 2347 mihi
1804 2312 1872 2349 est

225 2486 313 2508 cum
329 2473 390 2517 iis,
406 2485 504 2520 quae
521 2474 656 2509 scribit
671 2475 814 2510 P1N1US
830 2475 868 2510 in
883 2476 995 2510 Actis
1011 2475 1210 2517 Sanctor„
1228 2481 1255 2510 t.
1274 2476 1348 2510 VII
1364 2477 1458 2522 Ju].,
1478 2476 1698 2513 Comment.
1710 2483 1870 2526 prae-v„

226 2546 263 2568 n.
285 2533 367 2568 801.
389 2534 538 2568 Auctor
557 2534 661 2568 enim
680 2534 943 2570 annotationis
966 2534 1158 2569 Clzronici
1182 2535 1338 2580 scribit,
1364 2546 1410 2571 10
1435 2537 1560 2572 Mart.
1584 2548 1704 2582 1545;
1728 2540 1874 2576 Pmms

224 2604 332 2636 vero,
351 2602 397 2627 10
416 2593 521 2638 Maji
540 2593 717 2639 ejusdem
736 2595 840 2629 anni.
862 2594 923 2630 Cf.
944 2594 1064 2629 etiam
1086 2594 1232 2629 Cartas
1250 2596 1315 2630 del
1334 2597 1383 2630 Β.
1406 2597 1555 2639 Fabro,
1577 2598 1607 2641 I,
1628 2597 1710 2644 239.
1737 2600 1873 2644 Porro,

225 2652 310 2687 sive
329 2652 425 2687 illud
439 2652 630 2697 judicium
649 2654 826 2689 habitum
846 2654 963 2689 fuerit
983 2666 1118 2689 mense
1138 2654 1253 2700 Majo,
1270 2655 1354 2690 sive
1374 2656 1528 2701 Martio,
1545 2657 1708 2692 evidens
1727 2664 1788 2693 est
1802 2660 1872 2694 Pa-

224 2718 323 2746 trem
343 2712 465 2746 Nadal
486 2724 563 2747 non
583 2725 700 2758 agere
719 2713 782 2748 hic
800 2714 848 2748 de
869 2714 936 2748 tali
952 2713 1114 2760 judicio,
1135 2714 1206 2749 sed
1224 2715 1272 2749 de
1294 2716 1423 2762 aliquo
1441 2716 1531 2760 alio,
1551 2718 1667 2763 quod,
1687 2718 1736 2753 ad
1753 2719 1870 2754 finem

222 2777 412 2816 vergente
430 2783 531 2806 anno
554 2781 657 2817 1545,
678 2774 854 2808 habitum
874 2773 974 2809 forte
994 2773 1133 2818 fuerit,
1153 2786 1241 2809 nam
1260 2775 1345 2822 ipse
1364 2776 1408 2810 P.
1430 2776 1552 2811 Nadal
1573 2776 1612 2811 in
1632 2778 1871 2815 Societatem

223 2831 416 2865 admissus
437 2836 511 2874 est,
532 2843 667 2867 mense
687 2833 939 2868 Novembris.
1126 2839 1128 2842 ’

296 2892 306 2912 ¹
360 2891 437 2925 Sic.
466 2891 593 2936 Hujus
618 2893 815 2928 clausulae
847 2906 1001 2938 sensus,
1033 2894 1096 2928 hic
1121 2906 1207 2929 esse
1236 2894 1404 2939 videtur,
1433 2895 1596 2931 scilicet:
1626 2897 1718 2931 dum
1746 2898 1869 2934 Nadal

222 2953 365 2984 terram
396 2950 584 2995 fodiebat,
617 2952 793 2996 Ignatius
824 2965 913 2988 cum
944 2954 1115 2989 Doctore
1148 2953 1338 2989 Michaele
1369 2955 1417 2989 de
1443 2955 1587 2991 Torres
1615 2968 1684 3003 per
1713 2958 1869 2995 hortum

221 3003 514 3046 deambulabat.
