2038 3313
695 203 882 239 ComOEs
910 202 952 236 P.
983 200 1132 236 NADAL
1636 209 1736 235 xxm

90 309 187 352 Fol.
217 320 317 363 304,
349 321 394 349 n.
434 318 449 349 1
482 305 601 362 sign.
635 304 812 360 incipit:
850 304 1043 360 «Reglas
1072 303 1259 347 sacadas
1283 302 1421 345 delas
1440 301 1737 345 constitucio-

92 401 187 430 neS.
220 384 225 443 Ι
254 386 319 428 La
341 398 470 427 suma
499 382 726 440 sapiencia
753 398 781 438 y
812 382 1077 424 bondad...»
1111 379 1267 423 finitur
1295 380 1371 422 fol.
1406 391 1491 437 209
1523 379 1637 436 (541)
1668 379 1738 421 his

90 462 241 507 verbis
264 462 483 506 formulae
504 459 808 504 accusationis
832 458 1114 516 propriorum
1137 458 1416 511 defectuum,
1442 457 1601 514 lingua
1628 457 1738 500 lusi-

94 549 218 584 tana:
244 558 261 581 «
274 576 281 584 .
295 554 465 596 ..roges
483 555 508 582 a
524 539 634 582 deos
651 552 763 581 noso
782 538 885 582 Sor.
908 551 989 593 por
1006 535 1159 579 mim.»
1180 534 1286 579 Dixi
1305 549 1540 591 perperam
1559 533 1739 591 signata

93 633 193 663 esse
216 617 336 670 folia,
361 632 465 660 narn
490 632 516 660 a
537 631 662 659 num.
696 616 774 658 168
798 616 853 658 ad
884 615 962 672 198
986 614 1032 657 in
1054 612 1314 656 immediato
1334 613 1408 655 fol.
1432 613 1483 654 fit
1501 611 1735 655 transitus.

92 698 203 740 Item
226 711 252 739 a
275 696 350 739 fol.
378 696 462 738 218
487 696 544 738 ad
568 695 668 737 228.
696 693 832 738 Unde
852 693 903 735 fit
926 698 977 735 ut
1001 692 1077 735 fol.
1107 704 1192 749 209
1215 691 1381 734 habeat
1404 705 1529 733 num.
1559 702 1660 744 240.

183 773 400 818 Continet
421 773 620 830 regulas,
648 779 743 814 tum
774 785 1055 824 communes,
1083 777 1179 812 tum
1208 769 1463 813 officiorum
1494 767 1740 825 particula—

94 853 226 906 rium,
252 852 471 895 nonnulla
492 850 663 894 monita
685 848 972 906 particularia
994 863 1075 905 pro
1098 847 1233 891 certis
1256 847 1466 891 domibus
1484 861 1566 890 seu
1584 860 1742 902 perso-

93 930 180 985 nis,
205 937 251 973 et
272 929 392 973 circa
414 930 550 972 finem
573 928 791 984 quasdam
814 925 1060 969 industrias
1083 941 1163 983 pro
1193 926 1284 968 fine
1312 924 1552 969 Societatis
1580 923 1742 966 melius

94 1007 357 1062 obtinendo,
384 1021 575 1063 quarum
603 1006 677 1049 hic
706 1005 866 1048 titulus
894 1003 1036 1047 nitide
1064 1010 1297 1047 exaratus:
1334 1002 1741 1046 «INDUSTRIAS

96 1087 226 1130 CON
254 1085 259 1144 Ι
289 1100 377 1141 que
400 1100 492 1129 uno
515 1085 572 1128 de
593 1085 636 1127 13
653 1085 904 1140 Compafiia
932 1081 938 1140 Ι
966 1083 1023 1125 de
1040 1083 1165 1126 Iesus
1184 1081 1324 1137 mejor
1352 1079 1358 1139 Ι
1387 1079 1632 1136 consegui-
1660 1078 1666 1137 Ι
1694 1083 1743 1122 ra

95 1179 173 1207 sus
195 1164 250 1207 fi—
279 1163 284 1222 Ι
313 1179 438 1207 nes.»
466 1165 568 1206 Hae
590 1161 840 1205 industriae
864 1173 917 1216 23
940 1162 988 1203 ff.
1022 1159 1329 1213 continentur,
1363 1159 1573 1216 196—218.
1602 1158 1743 1201 Clau-

96 1243 195 1286 sula
216 1257 371 1286 earum
401 1249 489 1286 est:
526 1242 670 1297 «Sc-:pa
699 1240 870 1283 refutar
892 1240 957 1281 las
986 1237 1265 1282 obiectiones
1288 1244 1447 1280 contra
1470 1236 1511 1280 el
1533 1235 1743 1279 instituto

93 1322 150 1364 de
171 1321 213 1363 la
236 1322 423 1377 Comp.a
456 1336 485 1376 y
507 1317 770 1372 exerciciOS,
796 1324 883 1361 etc.
911 1332 939 1373 y
962 1317 1042 1359 dar
1065 1319 1202 1359 razon
1225 1317 1281 1358 de
1305 1316 1426 1358 todo.
1455 1316 1575 1358 Laus
1594 1316 1738 1357 Deo.»

97 1401 262 1442 Postea
283 1413 437 1451 manu,
458 1397 503 1440 ni
524 1396 734 1448 fallimur,
757 1395 898 1452 ipsius
923 1395 1122 1438 Polanco
1139 1395 1252 1437 haec
1270 1394 1446 1449 adjecta
1463 1399 1532 1435 est
1551 1399 1742 1435 annota—

96 1476 178 1519 tio:
210 1485 355 1520 «estas
378 1475 625 1518 industrias
654 1488 871 1530 compuso
895 1474 935 1517 el
961 1475 1041 1516 Re
1070 1473 1315 1516 Polanco.»

187 1556 235 1598 In
268 1557 355 1597 hoc
384 1554 541 1597 codice
569 1553 751 1597 citando
779 1554 892 1595 haec
922 1559 1029 1594 nota
1058 1549 1369 1593 adhibebitur:
1408 1549 1565 1593 Natal.
1602 1550 1739 1591 iwstr.

101 1634 247 1676 Lusit.

790 1746 974 1785 Codex
1013 1744 1055 1783 (ἰ

186 1871 511 1913 Instrzcctiones
549 1872 589 1912 et
629 1870 797 1911 monita
814 1874 902 1925 pro
941 1867 1141 1923 collegiis
1185 1865 1478 1917 Germaniae,
1510 1864 1744 1916 Polom‘ae,

96 1949 251 2005 Belgii
268 1952 307 1990 et
335 1947 696 1991 Galliae—Vol.
724 1946 769 1988 in
799 1948 879 2000 4⁰,
910 1946 992 2000 318
1024 1944 1140 1987 foliis
1170 1950 1386 1986 constans
1409 1941 1572 1998 partim
1601 1941 1742 1998 sign,

93 2034 139 2069 et
160 2026 322 2083 partim
346 2041 438 2069 non
460 2026 580 2082 sign.
608 2026 844 2081 Apparent
868 2007 1095 2066 interduin
1124 2021 1301 2065 numeri
1330 2019 1568 2064 cancellati
1595 2019 1745 2062 diver-

91 2118 244 2147 sorum
267 2104 492 2158 codicum,
514 2118 569 2146 ex
594 2102 760 2158 quibus
782 2101 855 2144 hic
878 2102 1022 2144 codex
1045 2099 1347 2157 componitur,
1369 2105 1415 2141 et
1432 2098 1622 2142 lacunae
1645 2098 1747 2153 plu-

93 2197 164 2225 res
186 2182 449 2238 interjectae
471 2190 579 2225 sunt
601 2182 718 2225 inter
749 2179 854 2223 folia
872 2186 1126 2232 numerata,
1148 2178 1226 2221 ubi
1250 2177 1403 2220 nullus
1428 2190 1644 2219 numerus
1668 2190 1745 2231 ap-

93 2268 233 2316 paret.
256 2286 313 2291 —
331 2259 512 2303 Titulus
556 2259 717 2302 litteris
760 2257 909 2301 aureis
952 2257 998 2299 in
1041 2258 1199 2299 dorso:
1250 2256 1424 2297 «HOER.
1472 2255 1691 2297 NATALIS
1741 2253 1746 2310 Ι

96 2337 304 2381 instruct.
326 2345 371 2381 et
382 2337 553 2381 monita
581 2337 586 2395 Ι
616 2352 694 2393 pro
710 2337 811 2380 coll.
844 2336 850 2394 Ι
878 2336 1095 2379 German.
1116 2334 1276 2377 Polon.
1309 2332 1314 2390 Ι
1345 2331 1492 2388 Belgii
1510 2338 1554 2374 et
1572 2330 1748 2375 Galliae

92 2415 98 2469 Ι
121 2417 253 2460 MSS.
278 2417 586 2460 AUTOGR.»
609 2416 658 2458 In
677 2414 820 2470 primo
838 2414 914 2457 fol.
936 2415 1049 2456 haec
1067 2419 1136 2456 est
1153 2410 1401 2467 inscriptio,
1424 2424 1561 2452 manu
1582 2411 1633 2452 P.
1654 2411 1744 2451 Po-

96 2493 213 2536 lanci
257 2493 438 2550 scripta:
490 2512 506 2533 <‹
531 2493 559 2551 Ἰ-
601 2492 607 2551 Ι
648 2491 922 2544 Germania,
968 2489 1181 2542 Polonia,
1234 2491 1269 2532 F
1275 2489 1459 2540 iandra,
1506 2486 1743 2530 Francia.»

98 2572 237 2614 Paulo
261 2571 466 2624 inferius,
492 2586 630 2614 manu
648 2571 778 2614 nobis
795 2570 969 2627 ignota:
1000 2567 1370 2620 «Instructiones,
1397 2565 1584 2618 monita,
1621 2578 1745 2607 com-

95 2649 305 2692 mendata
333 2648 339 2706 Ι
369 2649 503 2692 variis
534 2648 786 2692 Provinciis
824 2655 869 2691 et
907 2646 1111 2703 collegiis
1139 2645 1144 2704 Ι
1173 2644 1463 2696 Germaniae,
1508 2641 1744 2693 Poloniae,

98 2726 237 2782 Belgii
261 2733 304 2769 et
327 2727 504 2770 Galliae
531 2726 537 2785 Ι
566 2742 591 2769 3
621 2729 673 2769 Ρ.
708 2726 988 2781 Hieronymo
1022 2724 1229 2768 Natale.»
1272 2724 1322 2765 In
1362 2724 1422 2764 2.⁰
1448 2721 1546 2774 fol.,
1588 2733 1743 2771 manu,

95 2818 210 2858 quae
234 2805 286 2847 P.
313 2804 584 2847 Theodorici
607 2803 777 2847 Canisii
801 2802 997 2845 videtur:
1029 2820 1045 2841 «
1070 2801 1098 2859 Ι
1124 2802 1257 2857 Quae
1280 2798 1393 2842 dixit
1417 2800 1470 2841 R.
1515 2799 1566 2840 P.
1602 2798 1747 2840 Nata-

95 2881 149 2924 lis
167 2882 347 2925 Rectori
363 2882 631 2939 Dilingensi,
649 2882 915 2937 exequenda
930 2880 1128 2924 statim.»
1152 2877 1458 2929 Terminatur,
1477 2876 1574 2927 fol.,
1596 2890 1642 2916 n.
1660 2874 1747 2926 484

97 2958 236 3015 sign.,
263 2960 381 3016 (licet
403 2960 449 3002 in
471 2960 627 3004 codice
649 2975 743 3002 non
767 2959 857 3002 sint
880 2958 966 3001 nisi
992 2958 1075 3012 318
1099 2957 1165 3012 ff.)
1194 2955 1265 2998 his
1288 2954 1440 2998 verbis
1464 2950 1743 2995 cancellatis:

103 3037 260 3080 «Ratio
291 3037 466 3093 accepti
494 3044 539 3081 et
562 3036 747 3094 expensi
776 3052 855 3094 per
886 3033 1216 3079 Provincialem
1248 3031 1436 3087 Aquit.»
