2038 3313
292 207 332 233 V1
856 196 1102 232 PRAEFATIO
1128 204 1365 233 GENERALIS

290 299 520 344 oblivione
541 298 788 352 vindicare,
815 298 948 355 eique
970 297 1173 342 debitum
1196 299 1345 342 locum
1369 298 1414 341 in
1448 298 1677 342 Ecclesiae
1705 306 1750 342 et
1779 298 1935 343 Socie-

290 377 394 421 tatis
410 380 522 436 Jesu
546 377 672 420 fastis
696 376 945 433 assignare,
971 378 1085 419 haec
1107 383 1231 419 certe
1253 376 1435 419 abunde
1452 377 1695 419 sufficeret.

317 512 322 515 ¹
379 457 533 511 thue
549 455 644 510 jam
667 456 723 497 ab
746 453 874 497 initio
897 453 1058 497 melius
1075 453 1329 510 perspicere
1346 455 1488 498 lector
1504 452 1646 510 possit
1663 453 1820 509 quanti
1838 469 1937 497 mo-

288 532 429 576 menti
452 533 631 576 futurae
654 531 745 574 sint
763 532 991 588 Epistola&
1009 532 1172 573 Patris
1192 532 1347 574 Nadal
1369 532 1425 574 ad
1443 531 1699 583 historiam,
1728 538 1822 574 tum
1847 533 1935 574 Ec-

288 609 453 654 clesiae
483 609 747 661 catholicae,
785 616 880 653 tum
912 608 1159 665 praecipue
1188 608 1430 653 Societatis
1455 611 1578 671 jesusv
1599 609 1932 661 elucidandam,

290 703 380 743 qua
403 687 650 744 poterimus
672 685 911 738 brevitate,
938 687 1174 739 nonnulla,
1207 689 1263 730 1.⁰
1297 687 1353 730 de
1375 672 1560 730 auctore
1582 689 1741 730 harum
1765 687 1937 730 littera—

293 780 392 809 rum
418 767 478 808 2.⁰
502 765 559 808 de
581 763 690 821 ipsis
713 763 935 821 epistolis,
961 764 1318 820 praemittemus.
1346 770 1349 772 ’

1103 939 1130 978 Ι

692 1060 906 1099 PATRIS
957 1060 1290 1099 HIERONYMI
1332 1060 1543 1099 NADAL

909 1184 1046 1212 GESTA
1072 1185 1127 1212 ET
1153 1185 1329 1213 SCRIPTA

384 1306 488 1348 Non
513 1304 598 1347 fert
621 1303 799 1348 animus
823 1311 975 1347 texere
996 1303 1070 1346 hic
1087 1303 1320 1347 historiam
1339 1304 1557 1360 praeclari
1575 1305 1651 1360 huj
1661 1320 1711 1348 us
1735 1303 1834 1356 viri,
1861 1319 1942 1348 ne-

296 1397 385 1438 que
422 1381 564 1438 ipsius
601 1388 730 1438 gesta
771 1380 927 1424 fusiori
956 1382 1129 1424 calamo
1157 1381 1385 1437 persequi,
1420 1383 1542 1438 quod
1570 1382 1769 1438 quidem,
1802 1397 1941 1438 quum

295 1460 394 1516 ejus
417 1459 585 1516 scripta
607 1458 728 1502 edita
752 1458 939 1512 fuerint,
963 1458 1244 1502 commodius
1261 1460 1400 1516 longe
1422 1459 1640 1516 praestari
1658 1459 1838 1516 poterit3
1864 1461 1944 1504 sed

296 1552 440 1594 pauca
467 1537 704 1580 dumtaxat
733 1537 1004 1593 praelibare,
1038 1551 1154 1592 quae
1177 1537 1233 1580 ad
1261 1536 1404 1593 ipsius
1432 1537 1645 1594 epistolas
1674 1545 1945 1593 caeteraque

296 1617 569 1659 documenta
590 1614 752 1658 melius
773 1614 1068 1672 intelligenda
1090 1615 1174 1658 iter
1197 1616 1571 1672 complanabunt3
1599 1622 1742 1671 eaque
1764 1617 1946 1660 duobus

297 1692 523 1750 capitibus
545 1692 884 1736 distribuemus:
912 1692 957 1736 in
976 1692 1119 1749 primo
1136 1693 1236 1749 ejus
1249 1697 1394 1750 gesta,
1419 1693 1464 1735 in
1488 1695 1628 1737 altero
1652 1694 1751 1750 ejus
1774 1695 1942 1750 scripta

298 1770 652 1814 recensebimus.

390 2009 422 2050 Ι.
465 2009 589 2061 EJUS
622 2007 1175 2063 GESTA.—Hieronymus
1208 2008 1353 2050 Nadal
1387 2007 1552 2064 (latinis
1586 2009 1788 2061 Natalis,
1827 2008 1945 2052 italis

300 2100 408 2129 vero
433 2085 619 2140 Natale)
641 2092 767 2128 ortus
792 2084 877 2127 fuit
905 2086 1103 2137 Palmae,
1131 2100 1246 2141 quae
1271 2085 1378 2128 urbs
1402 2092 1469 2128 est
1493 2093 1631 2142 caput
1653 2086 1827 2130 insulae
1849 2091 1946 2130 ma—

294 2163 552 2219 joricensis,
585 2162 629 2205 in
662 2162 922 2216 Balearicis,
956 2162 1029 2206 die
1067 2176 1111 2205 11
1148 2162 1350 2219 Augusti
1384 2165 1413 2215 ¹,
1446 2178 1565 2206 anno
1593 2163 1777 2207 Domini
1817 2176 1941 2219 1507.

303 2240 529 2284 Humanis
547 2240 804 2295 divinisque
821 2239 999 2294 litteris,
1019 2240 1213 2297 primum
1233 2240 1277 2283 in
1296 2241 1457 2297 patria,
1477 2241 1641 2284 deinde
1659 2241 1888 2298 Compluti
1911 2243 1944 2294 2,

303 2319 485 2362 tandem
526 2317 712 2361 Parisiis
750 2318 981 2370 excultus,
1013 2319 1120 2360 dum
1160 2332 1314 2361 sacrae
1352 2319 1609 2375 theologiae
1641 2321 1726 2362 hac
1758 2319 1804 2361 in
1835 2321 1947 2363 urbe

301 2403 579 2452 operaretur,
601 2411 720 2438 anno
744 2406 870 2450 1535,
892 2395 1052 2439 aetatis
1070 2411 1239 2439 annum
1257 2411 1400 2453 agens
1417 2396 1689 2453 vigesimum
1713 2404 1942 2449 octavum,

300 2474 444 2531 prima
467 2473 706 2529 religiosae
728 2473 979 2517 vocationis
1007 2474 1201 2526 semina,
1234 2489 1289 2517 ex
1318 2474 1482 2530 Ignatii
1509 2475 1698 2530 ejusque
1721 2475 1944 2519 sociorum

300 2551 646 2595 conversatione
669 2551 884 2607 suscepit.

388 2631 438 2672 In
461 2628 651 2685 patriam
675 2643 899 2681 reversus,
927 2644 1046 2672 anno
1075 2631 1209 2684 1538,
1235 2630 1524 2674 scientiarum
1558 2631 1693 2674 simul
1725 2639 1769 2675 et
1801 2631 1946 2673 virtu—

301 2715 396 2750 tum
414 2706 565 2750 studio
582 2721 768 2762 prorsus
786 2706 984 2761 deditus,
1005 2714 1179 2763 septem
1197 2707 1258 2749 ibi
1277 2708 1420 2752 annos
1438 2708 1607 2765 exegit,
1629 2723 1739 2765 pace
1756 2716 1801 2752 et
1818 2709 1947 2753 laeti÷

374 2855 381 2873 ¹
435 2853 493 2886 Ita
510 2850 648 2886 scribit
667 2850 751 2897 ipse
771 2851 814 2885 P.
836 2851 976 2895 Nadal,
1006 2852 1230 2898 Opuscztla,
1261 2865 1349 2899 pag.
1378 2862 1460 2898 254,
1487 2853 1547 2889 his
1574 2853 1725 2889 verbis:
1754 2853 1947 2899 «Sensus,

297 2908 502 2944 undecimo
523 2909 707 2955 Augusti,
727 2910 793 2957 qui
812 2910 897 2946 dies
917 2911 1090 2955 est-mihi
1107 2912 1381 2957 genethliacus
1396 2913 1501 2959 ,mei
1522 2913 1632 2950 nihili
1652 2919 1691 2958 et
1711 2914 1785 2949 Dei
1814 2925 1947 2960 opera-

304 2967 460 3004 tionis.»
1809 2979 1812 2983 '

369 3032 381 3050 ‘-'
434 3028 534 3064 Vide
557 3028 703 3065 Clzron.
723 3029 876 3072 Nalal„
899 3043 935 3066 n.
963 3039 993 3065 ῐ.
