2038 3313
750 205 791 240 18
819 205 1049 239 FEBRUARII
1079 212 1167 249 1555
1643 174 1645 177 ι
1711 211 1779 247 279

225 309 325 352 Vna
352 307 546 351 limosna
574 311 755 364 querria
783 307 911 364 pedir
940 311 966 349 a
996 309 1052 350 V.
1087 309 1167 360 Κ,
1199 322 1229 362 y
1257 321 1306 350 es
1336 320 1425 361 que
1454 320 1535 361 por
1564 319 1689 347 amor
1722 306 1780 349 de

135 386 235 430 Iesu
258 387 346 428 X.0
372 400 444 429 me
467 386 652 430 alcance
674 386 717 428 la
739 384 894 442 gracia
916 385 973 429 de
1002 399 1129 428 sacar
1158 385 1200 429 el
1228 384 1345 428 alma
1373 397 1454 439 por
1483 382 1596 425 cada
1624 382 1777 435 missa,

135 463 192 506 de
214 469 399 507 nuestro
423 463 571 507 Padre
594 466 728 507 Mtro.
756 461 953 518 Ignasio,
980 466 1006 505 a
1029 462 1166 518 quien
1189 476 1249 504 no
1272 476 1345 505 me
1368 467 1526 504 atreuo
1544 475 1602 516 yo
1625 460 1681 504 de
1698 474 1780 515 pe—

136 539 261 583 dirla.
287 541 376 583 Por
398 540 688 584 commission
711 541 768 584 de
789 547 979 584 nuestro
1005 542 1056 583 P.
1092 538 1358 596 prouincial.

225 617 470 672 Inscriptio
502 619 552 659 in
582 622 749 674 quarta
770 618 970 674 pagina:
1009 617 1037 674 †
1076 618 1166 659 Ihs.
1211 617 1270 659 Al
1308 631 1416 672 muy
1446 616 1559 659 Rdo.
1589 630 1646 659 en
1669 616 1780 672 Jesu

136 694 319 737 Christo
358 695 527 748 Padre,
569 696 610 740 el
641 697 693 738 P.
728 697 864 739 Mtro.
898 695 1045 739 Nadal
1073 695 1131 739 de
1161 695 1203 737 la
1233 695 1485 750 Compania
1516 694 1573 737 de
1602 694 1691 736 Ihs.
1724 708 1781 736 en

135 773 293 815 Roma.
859 780 864 787 ·

220 850 327 892 Alia
350 865 508 892 manu:
537 861 662 905 1555.
691 852 944 908 Caragoca.
972 849 1030 893 Di
1057 850 1294 893 Balthasar
1326 848 1479 892 Pisias.
1511 864 1538 906 9
1572 848 1618 890 di
1650 848 1778 892 Gen—

134 926 253 970 naio.
283 927 363 971 Pel
388 929 440 970 P.
469 930 580 971 M.r0
609 928 781 972 Natale.

221 1006 351 1048 Alia:
375 1007 463 1050 Per
486 1006 527 1048 la
552 1005 740 1049 historia
762 1005 808 1048 di
831 1006 1082 1062 Caragoca.

929 1225 993 1267 ’71

580 1334 627 1369 S.
661 1333 960 1370 IGNATIUS
992 1335 1067 1369 DE
1099 1332 1348 1370 LOYOLA

381 1438 629 1481 PATRI
692 1438 1192 1482 HIERONYMO
1256 1436 1536 1480 NADAL

598 1553 784 1603 Rornae,
817 1552 866 1595 18
891 1550 1126 1596 Februarii
1155 1562 1263 1606 1555
1292 1552 1314 1593 ¹.

136 1667 310 1702 Litterae
324 1669 521 1713 patentes,
541 1666 684 1712 quibus
703 1667 752 1701 Ρ.
773 1666 910 1701 Nadal
924 1666 1191 1702 renmztiatur
1204 1666 1507 1701 commissarius
1517 1663 1725 1711 generalis
1740 1663 1780 1698 in

576 1726 715 1767 Italia,
736 1726 908 1761 Austria
925 1729 962 1762 et
979 1726 1076 1762 aliis
1093 1725 1337 1773 regionibus.

948 1809 968 1843 †

915 1847 1001 1889 Ihs.

227 1943 431 2000 Ignatius
464 1945 521 1989 de
555 1943 748 1999 Loyola,
787 1942 1071 1999 praepositus
1112 1930 1620 1998 generalis'Societatis
1649 1941 1777 1997 Jesu,

136 2020 303 2065 dilecto
331 2020 377 2063 in
406 2023 494 2064 X.0
522 2020 649 2065 fratri
676 2020 851 2064 doctori
881 2020 1167 2076 Hieronymo
1200 2018 1373 2074 Natali,
1406 2017 1630 2063 sacerdoti
1659 2016 1780 2062 eius-

134 2100 239 2143 dem
261 2098 521 2153 Societatis,
548 2099 742 2143 salutern
765 2098 812 2141 in
834 2097 1031 2142 Domino
1054 2096 1392 2154 sempiternam.
1420 2097 1538 2140 Cum
1561 2094 1639 2138 diu
1662 2095 1780 2136 mul—

137 2184 326 2232 tumque
348 2177 565 2233 probatae
588 2176 719 2220 nobis
743 2183 789 2221 et
817 2182 1084 2233 perspectae
1112 2174 1232 2219 vitae
1261 2182 1367 2219 tuae
1394 2172 1668 2230 integritati,
1700 2172 1782 2215 do-

137 2253 311 2308 ctrinae
348 2261 393 2298 et
422 2253 468 2296 in
496 2255 634 2298 rebus
665 2253 879 2311 gerendis
908 2252 1193 2310 prudentiae,
1226 2267 1343 2308 quae
1371 2259 1440 2296 est
1467 2251 1514 2294 in
1542 2253 1630 2294 X.0
1650 2252 1778 2308 jesu,

137 2331 379 2388 plurimum
403 2331 448 2375 in
472 2333 631 2377 eodem
654 2333 864 2384 fidamus,
886 2338 931 2376 et
949 2331 995 2374 in
1012 2330 1241 2388 prouintia
1258 2330 1412 2375 Italiae
1430 2337 1475 2375 et
1492 2328 1708 2373 Austriae
1730 2342 1782 2370 ac

215 2508 224 2527 ¹
277 2506 334 2540 Ex
358 2507 582 2553 apographo
606 2518 768 2552 coaevo,
799 2507 837 2541 in
862 2508 957 2550 vol.,
982 2506 1046 2541 cui
1074 2506 1211 2541 titulus
1230 2507 1402 2540 Decreta
1420 2508 1457 2540 et
1480 2504 1782 2544 Instructiones,

138 2565 390 2611 1540-73‚fol.
412 2574 457 2610 59
476 2566 684 2602 v.—Initio
702 2567 818 2613 hujus
836 2567 1077 2612 documenti,
1098 2566 1160 2601 hic
1179 2566 1317 2601 titulus
1336 2578 1356 2600 a
1375 2566 1418 2600 P.
1440 2565 1608 2600 Polanco
1628 2564 1667 2598 in
1689 2575 1784 2597 mar-

135 2625 228 2671 gine
247 2625 416 2672 scriptus
436 2631 509 2660 est:
533 2627 699 2662 Patente
713 2630 791 2673 pro
818 2628 911 2662 Pre.
939 2627 1082 2662 Natali
1106 2627 1149 2662 in
1173 2626 1403 2661 electionem
1428 2624 1698 2660 commissarii
1718 2634 1785 2670 ge-

136 2686 290 2721 neralis
308 2686 352 2720 in
370 2686 509 2726 Italia,
531 2686 703 2721 Austria
717 2689 754 2721 et
769 2687 865 2722 aliis
884 2687 1172 2734 regionibus.—-
1185 2686 1270 2720 Hae
1286 2685 1440 2720 litterae
1456 2688 1635 2731 patentes
1654 2687 1786 2729 postu—

136 2746 237 2780 latae
255 2745 414 2780 fuerunt
432 2746 480 2780 ab
500 2744 584 2791 ipso
603 2746 647 2780 P.
670 2746 793 2781 Nada]
814 2746 853 2781 in
881 2746 1048 2793 epistola
1072 2746 1157 2780 sive
1186 2745 1400 2789 Bononiae,
1427 2745 1511 2779 sive
1535 2742 1714 2778 Tridenti
1738 2742 1786 2776 ad

137 2804 332 2851 Ignatium
351 2805 454 2848 data,
475 2811 517 2840 ut
535 2811 689 2840 constat
705 2818 753 2841 ex
775 2807 954 2853 Regesto,
972 2807 1043 2852 III,
1060 2805 1118 2850 23,
1136 2805 1174 2840 in
1189 2805 1443 2851 responsione
1460 2802 1585 2838 Patris
1602 2803 1784 2844 Polaneo,

135 2877 183 2900 ex
202 2864 494 2908 commissione,
514 2864 604 2899 data
626 2874 639 2899 1
664 2865 809 2912 Aprilis
829 2866 944 2912 hujus
963 2865 1068 2909 anni,
1096 2865 1163 2900 ubi
1191 2863 1342 2899 litteras
1367 2863 1493 2898 Patris
1518 2862 1640 2897 Nadal
1661 2863 1785 2896 Bono-

138 2925 224 2959 niae
243 2931 283 2960 et
300 2924 479 2960 Tridenti
497 2925 606 2959 datas
625 2925 673 2960 ad
692 2926 887 2971 Ignatium
908 2926 1152 2972 pervenisse,
1169 2930 1207 2959 et
1222 2924 1392 2970 diploma
1411 2936 1432 2958 a
1452 2924 1494 2958 P.
1512 2922 1634 2957 Nadal
1655 2926 1785 2969 postu-

141 2985 262 3019 latum
280 2996 369 3019 curn
389 2985 460 3019 hae
480 2983 645 3030 epistola
665 2985 767 3020 mitti
785 2985 940 3021 dicitur.

212 3044 372 3079 Praeter
396 3044 465 3079 has
492 3042 643 3079 litteras
667 3050 868 3091 patentes,
893 3046 968 3081 alia
985 3045 1220 3080 documenta
1245 3048 1515 3087 asservantur,
1535 3042 1677 3089 quibus
1696 3052 1782 3076 san-
1829 3041 1831 3043 ’
