2038 3313
271 196 337 222 102
846 187 984 222 EPIST.
1012 186 1056 222 P.
1086 184 1337 221 NADAL—3o

265 295 418 332 mente
449 290 534 332 che
562 303 612 331 se
640 295 767 344 parta
796 303 883 332 con
911 289 953 331 16
982 289 1137 344 galere
1168 288 1224 330 de
1252 288 1295 330 la
1323 286 1560 342 religione,
1594 292 1713 329 tutta
1734 285 1810 329 uia
1831 287 1916 329 che

267 380 380 409 sono
411 381 436 409 6
467 366 698 409 Palermo:
731 381 864 423 spero
894 380 980 409 con
1010 366 1160 421 quelle
1188 364 1377 421 partira;
1409 363 1532 417 sino,
1563 377 1652 405 con
1679 364 1795 406 altro
1823 364 1915 406 bon

272 442 498 500 passagio.

358 533 399 575 7.
468 523 578 564 Μ.Γο
607 521 855 565 Geronimo
878 521 1144 564 Domenech
1168 534 1254 561 con
1285 518 1439 561 Pietro
1469 517 1603 560 Riera
1631 524 1676 561 et
1704 517 1847 561 Lucio
1869 524 1915 560 et

266 614 328 640 vn
350 598 481 651 laico,
508 598 700 641 essendo
724 597 876 654 partiti
899 612 985 641 con
1008 612 1097 639 vna
1126 610 1244 639 naue
1274 610 1354 651 per
1383 594 1616 647 Valentia,
1648 601 1695 638 et
1722 595 1915 638 essendo

267 675 314 717 in
337 675 456 718 uista
478 676 535 718 de
558 676 820 731 Sardegna,
852 689 932 731 per
962 681 1101 717 uento
1130 672 1357 716 contrario
1386 674 1539 714 hanno
1568 686 1722 714 scorso
1751 686 1841 727 qua
1872 678 1918 714 et

268 759 432 795 stanno
455 752 565 809 ogni
588 752 751 808 giorno
772 767 853 808 per
875 751 1071 808 partirsi.
1098 752 1132 793 Il
1156 750 1352 806 Signore
1373 750 1415 792 16
1437 748 1511 792 (116
1532 748 1744 806 passagio
1774 764 1801 792 a
1827 750 1919 792 bon

269 831 567 873 saluamento.
596 829 750 873 Pietro
773 844 832 872 ua
854 844 934 885 per
956 843 1080 872 esser
1102 827 1301 870 iudicata
1323 827 1473 882 quella
1496 833 1615 870 terra
1642 827 1781 870 molto
1810 825 1920 870 utile

270 921 349 963 per
370 908 413 950 16
436 922 517 950 sua
540 906 772 961 infirmita,
799 914 844 949 et
867 908 1016 949 ancho
1039 920 1119 961 per
1142 904 1321 947 adiutar
1343 905 1477 959 aquel
1499 903 1693 960 collegio
1716 903 1762 946 in
1785 905 1920 947 alcun

272 983 544 1039 ministerio,
570 985 737 1041 perche
767 985 792 1026 6
821 999 911 1026 vna
940 984 1060 1026 bona
1088 981 1252 1025 anima.
1287 982 1446 1034 Lucio,
1479 983 1645 1038 perche
1674 981 1711 1024 si
1742 989 1919 1025 temeua

270 1062 356 1104 che
377 1061 408 1102 11
431 1061 606 1117 parenti
629 1061 729 1104 suoi
751 1062 782 1103 1’
807 1062 1020 1103 haueuan
1043 1061 1099 1102 de
1122 1059 1280 1102 uenire
1302 1075 1328 1102 a
1350 1073 1547 1112 cercare,
1574 1073 1654 1115 per
1675 1059 1846 1102 leuarlo
1863 1059 1920 1102 de

272 1138 488 1194 periculo.
516 1140 550 1181 Il
573 1138 769 1195 Signore
790 1153 871 1194 per
893 1139 936 1180 16
958 1152 1040 1180 sua
1062 1136 1369 1180 misericordia
1391 1136 1568 1179 infinita
1590 1151 1641 1180 ce
1663 1136 1736 1180 dia
1765 1152 1791 1180 a
1812 1136 1920 1180 tutti

272 1217 316 1258 16
337 1231 421 1258 sua
443 1216 726 1259 sanctissima
748 1217 934 1259 volonta
955 1215 1286 1258 sinceramente
1313 1214 1502 1267 sentire,
1529 1221 1575 1257 et
1602 1214 1649 1257 in
1677 1214 1787 1271 ogni
1815 1230 1919 1271 per—

276 1293 470 1336 fectione
493 1300 538 1336 et
561 1293 720 1336 timore
743 1308 826 1335 suo
850 1292 1063 1349 compire.
1097 1293 1196 1336 Ora
1212 1297 1300 1347 pro
1323 1293 1463 1344 nobis,
1488 1293 1647 1334 Pater.

362 1372 433 1413 Da
456 1372 681 1426 Trapana,
708 1370 738 1412 11
760 1371 805 1412 (11
828 1386 888 1412 xx
910 1371 967 1413 de
991 1369 1172 1422 Martio,
1198 1371 1272 1412 nel
1296 1371 1462 1413 MDLI.

754 1450 825 1491 De
847 1449 904 1491 V.
934 1450 986 1491 P.
1014 1462 1148 1490 seruo
1171 1447 1218 1489 in
1241 1449 1360 1503 Xpo.
1405 1504 1411 1513 ι

1161 1526 1460 1567 HIERONYMO
1493 1526 1679 1569 NADAL.

367 1606 613 1660 Inscriptio
637 1605 688 1646 in
711 1607 879 1659 quarta
895 1604 1095 1660 pagina:
1117 1602 1146 1660 †
1169 1603 1229 1645 Al
1252 1602 1391 1644 molto
1414 1601 1524 1645 R.d0
1547 1601 1594 1644 in
1611 1604 1730 1658 Xpo.
1755 1602 1918 1654 Padre,

275 1684 306 1726 il
329 1684 477 1727 Padre
501 1685 562 1725 M.
590 1681 766 1738 Ignatio
789 1682 845 1723 de
869 1681 1055 1736 Loyola,
1088 1678 1315 1736 preposito
1338 1680 1553 1735 generale
1584 1680 1702 1722 della
1724 1681 1922 1736 Compa-

276 1760 384 1817 gnia
406 1760 451 1802 di
474 1759 635 1812 Giessi,
661 1758 707 1800 in
736 1760 829 1802 Sta
861 1757 1002 1801 Maria
1023 1758 1142 1800 della
1165 1757 1344 1809 Strada,
1370 1771 1585 1812 appresso
1615 1757 1711 1801 S.t0
1747 1759 1918 1810 Marco,

275 1838 322 1880 in
346 1840 503 1881 Roma.

364 1916 472 1958 Alia
495 1929 658 1956 manu:
682 1914 833 1969 Quad.
862 1915 1086 1970 Trapana.
1114 1914 1275 1957 Nadal.
1303 1915 1479 1965 Marzo,
1515 1925 1591 1965 20,
1632 1923 1757 1967 1551.
1791 1914 1826 1955 F
1829 1918 1923 1956 atte

278 2000 396 2036 tutte
420 2001 464 2035 et
488 1993 714 2036 mandate.

367 2071 525 2127 Sigilli
545 2071 808 2127 vestigium.

278 2226 415 2249 norum
434 2215 518 2248 Rex
538 2213 613 2248 sibi
631 2213 926 2259 vendicaverat,
948 2214 1160 2248 Doctorem
1178 2212 1218 2247 in
1236 2212 1380 2247 divinis
1405 2211 1649 2257 egregium.»
1670 2210 1770 2245 Vide
1790 2210 1923 2256 etiam,

278 2275 310 2308 si
329 2275 452 2317 lubet,
473 2274 679 2319 epistolam
698 2273 802 2318 regis
821 2285 1068 2308 romanorum
1088 2272 1136 2307 ad
1161 2272 1202 2306 S.
1224 2272 1440 2317 Ignatium,
1467 2283 1543 2318 qua
1562 2272 1605 2306 P.
1635 2270 1842 2307 Claudium
1862 2270 1924 2315 Ja-

274 2333 358 2380 jum
377 2345 465 2368 cum
485 2334 559 2368 alio
579 2332 772 2368 Viennam
792 2333 894 2367 mitti
913 2333 1099 2379 postulat,
1119 2332 1159 2367 in
1181 2331 1327 2366 Cartas
1345 2333 1391 2367 de
1411 2332 1499 2366 San
1516 2332 1698 2379 Ignacio,
1714 2331 1765 2374 II,
1786 2329 1867 2375 5483
1885 2333 1925 2364 et

278 2393 484 2439 epistolam
505 2393 544 2427 S.
566 2393 709 2437 Ignatii
727 2393 775 2427 ad
793 2392 975 2428 eumdem
995 2391 1299 2437 Ferdinandum,
1319 2391 1430 2436 ibid.,
1452 2392 1502 2437 ΙΙ,
1522 2390 1604 2426 323.
