2038 3313
339 239 408 279 114
917 237 1055 270 EP1ST.
1084 236 1127 270 P.
1157 235 1403 280 NADAL—35

334 337 500 380 siderio
521 345 567 381 et
589 338 756 391 animo,
782 339 876 381 cosi
899 353 971 381 me
993 337 1068 380 dia
1090 338 1120 379 l'
1145 337 1338 380 efficatia
1360 347 1406 381 et
1430 339 1566 380 forze.
1594 337 1748 381 Dicesi
1780 354 1869 395 qua
1896 341 1988 383 che

334 416 377 458 la
398 422 571 459 armata
595 418 866 459 turchescha
887 417 912 458 e
934 415 979 457 in
1005 414 1190 470 Tripoli,
1218 421 1263 457 et
1286 415 1322 457 si
1346 415 1480 458 crede
1502 414 1660 457 uenira
1677 429 1780 470 qua.
1803 417 1989 472 Questo

333 492 501 548 impedi
538 495 623 536 che
655 508 746 536 non
780 507 914 548 posso
946 492 1043 534 dire
1075 492 1193 534 della
1225 491 1390 547 partita
1422 498 1594 534 nostra.
1631 492 1666 534 Il
1698 491 1894 548 Signore
1926 508 1981 537 ce

332 569 462 612 liberi
491 571 549 612 da
578 570 684 612 tutti
714 569 777 626 gli
806 569 974 611 inimici
1003 568 1162 620 nostri,
1196 575 1241 610 et
1270 567 1309 610 ci
1339 569 1545 611 conduca
1582 569 1704 611 doue
1740 570 1907 626 meglio
1933 572 1986 613 10»

331 647 560 702 possiamo
582 647 770 690 seruire.

421 738 462 779 3.
529 726 593 768 Le
621 724 710 767 mie
744 723 1030 779 occupationi
1069 722 1270 778 magiore
1308 725 1344 765 s’
1385 710 1629 778 espectano
1666 725 1876 767 venendo
1913 725 1974 782 gli

328 801 513 844 inimici:
556 803 623 844 fra
660 803 772 844 hora
808 816 935 852 sono,
977 799 1181 855 predicar
1219 800 1261 842 al
1298 800 1513 855 generale
1546 801 1556 820 ¹
1588 807 1633 842 et
1670 801 1848 853 soldati,
1889 816 1975 844 con

328 879 467 920 molto
494 893 714 921 concorso
741 885 786 920 et
815 877 1145 929 satisfactione,
1178 877 1339 932 legger
1368 891 1394 919 a
1422 876 1486 932 gli
1523 877 1747 920 sacerdoti
1786 892 1865 934 per
1902 878 1973 921 in—

326 955 549 998 struction
586 956 697 997 loro.
731 956 779 998 S’
811 956 962 997 hanno
990 953 1196 996 ordinate
1231 953 1423 996 orationi
1455 953 1636 1009 publice
1664 961 1710 997 et
1737 955 1971 999 esaminati

324 1032 473 1074 alcuni
496 1032 713 1088 religiosi,
740 1034 822 1074 che
845 1045 982 1073 erano
1005 1045 1095 1085 qua
1118 1045 1255 1073 senza
1276 1030 1536 1073 obedientia
1560 1030 1734 1083 uenuti,
1768 1039 1814 1074 et
1841 1047 1970 1075 man-

323 1108 416 1151 dati
439 1109 514 1164 gia
537 1116 678 1164 parte;
705 1108 741 1150 si
765 1107 1017 1164 aggiutano
1046 1107 1212 1158 alcuni,
1246 1109 1330 1149 che
1359 1115 1580 1163 apostate,
1613 1123 1639 1150 o
1661 1108 1706 1150 di
1735 1109 1966 1162 clericato,

321 1190 349 1228 ὅ
370 1186 415 1228 di
439 1186 674 1242 religione,
700 1200 837 1229 erano
859 1184 1036 1236 soldati,
1063 1185 1272 1228 confesso
1295 1184 1461 1228 alcuni:
1487 1186 1531 1228 la
1552 1185 1729 1242 magior
1750 1194 1878 1242 parte
1894 1202 1966 1230 me

321 1263 421 1306 dice
450 1265 535 1306 che
562 1264 771 1306 venendo
792 1264 821 1304 l'
847 1269 1019 1305 armata
1041 1262 1079 1304 si
1108 1263 1478 1316 confessarann03
1505 1264 1691 1306 attendo
1718 1264 1775 1306 ad
1802 1265 1965 1308 alcune

320 1355 430 1396 pace
453 1348 498 1383 et
520 1340 566 1383 in
590 1341 747 1382 fondar
770 1355 859 1395 qua
881 1355 971 1382 vna
992 1354 1097 1382 casa
1113 1340 1233 1382 doue
1249 1339 1435 1395 possino
1453 1340 1527 1383 doi
1544 1341 1662 1384 della
1679 1342 1963 1398 Compagnia

319 1424 454 1470 stare,
481 1426 525 1460 et
548 1418 655 1474 ogni
679 1417 840 1473 giorno
863 1431 997 1459 seruo
1020 1417 1093 1460 nel
1116 1416 1338 1473 hospitale
1360 1417 1404 1460 io
1426 1425 1472 1460 et
1495 1419 1599 1473 quel
1622 1420 1707 1461 che
1735 1434 1808 1462 me
1830 1434 1963 1463 serue

319 1510 343 1537 a
367 1510 454 1548 me;
480 1501 524 1537 et
547 1495 640 1537 dite
662 1510 687 1537 a
710 1495 962 1537 Benedetto
985 1495 999 1514 ‘²
1025 1496 1110 1537 che
1132 1496 1192 1537 ho
1214 1495 1257 1537 la
1278 1509 1362 1538 sua
1385 1494 1642 1538 obedientia
1663 1504 1890 1552 presente,
1917 1504 1963 1540 et

317 1573 376 1615 mi
399 1574 547 1616 sforzo
569 1572 614 1614 di
637 1574 852 1615 seruarla.
881 1575 1077 1628 Pregate
1102 1572 1207 1615 tutti
1231 1587 1310 1628 per
1332 1588 1403 1615 me
1426 1580 1472 1615 et
1494 1588 1574 1629 per
1597 1581 1759 1628 questa
1785 1574 1895 1618 citta
1917 1584 1962 1618 et

314 1665 394 1706 per
417 1650 521 1692 tutti
545 1650 608 1706 gli
632 1650 824 1693 infideli:
851 1650 894 1692 io
917 1650 962 1692 ui
987 1649 1087 1692 dico
1111 1652 1195 1692 che
1219 1665 1361 1706 penso
1385 1665 1508 1693 esser
1531 1650 1853 1706 specialmente
1875 1667 1959 1708 ag—

313 1727 491 1783 giutato
515 1742 593 1783 per
616 1728 656 1770 le
680 1727 871 1770 orationi
894 1735 1071 1770 uostre:
1104 1742 1196 1770 non
1224 1727 1409 1771 lasciate
1437 1727 1482 1769 di
1511 1742 1688 1771 crescer
1710 1744 1889 1785 sempre
1912 1730 1957 1772 in

315 1805 462 1859 quelle
485 1812 530 1847 et
558 1804 602 1846 in
632 1805 741 1861 ogni
771 1820 906 1861 opera
935 1806 1069 1847 bona:
1102 1807 1268 1848 hauete
1298 1812 1344 1848 et
1372 1813 1525 1861 potete
1553 1805 1695 1848 Sentir
1723 1807 1767 1849 lo
1797 1807 1956 1863 spirito

312 1882 432 1923 claro
454 1883 571 1924 della
595 1882 878 1938 Compagnia
901 1884 985 1924 che
1006 1882 1051 1924 vi
1075 1882 1231 1938 guida,
1252 1890 1297 1925 et
1314 1882 1505 1939 guidara
1527 1897 1720 1939 sempre;
1743 1891 1894 1927 tenete
1911 1893 1968 1927 et

312 1960 598 2002 contenetelo
620 1974 797 2015 sempre
819 1960 893 2002 nel
917 1959 1076 2002 intimo
1098 1960 1203 2002 dell’
1229 1959 1378 2003 anima
1402 1967 1571 2012 uostra,
1597 1967 1642 2003 et
1664 1975 1756 2003 non
1779 1962 1822 2004 lo
1844 1976 1955 2004 con-

310 2035 461 2078 tristas
483 2036 529 2078 in
552 2037 677 2079 nullo
700 2037 849 2079 modo.
877 2038 907 2079 Il
933 2037 1130 2093 Signore
1158 2036 1218 2080 mi
1247 2038 1305 2079 da
1332 2037 1469 2079 molta
1498 2038 1813 2081 consolatione
1842 2053 1955 2095 pen-

309 2115 452 2157 sando
489 2114 533 2155 in
571 2114 661 2166 voi,
703 2116 869 2170 perche
907 2114 953 2156 ui
990 2117 1049 2157 ho
1088 2115 1194 2157 tutti
1235 2117 1285 2157 in
1315 2115 1567 2157 uisceribus
1604 2117 1754 2158 cordis
1776 2118 1866 2159 mei
1903 2119 1954 2159 ni

311 2191 492 2233 Christo
514 2195 554 2233 et
575 2192 744 2246 spiritu
766 2192 1000 2234 Societatis
1023 2194 1120 2234 eins
1142 2192 1374 2248 insculpiti
1398 2192 1474 2248 piu
1497 2194 1581 2235 che
1610 2208 1702 2235 non
1731 2194 1946 2250 exprimo.

307 2268 341 2310 Il
365 2268 559 2323 Signore
582 2268 909 2324 benignissimo
932 2270 976 2311 di
1001 2270 1122 2322 tutti,
1149 2269 1189 2312 ci
1212 2270 1286 2312 dia
1308 2285 1485 2326 sempre
1507 2270 1552 2312 di
1570 2271 1685 2313 bene
1707 2270 1752 2313 in
1784 2271 1962 2328 meglio·

308 2359 484 2387 cresces
507 2345 551 2387 in
576 2361 658 2388 suo
680 2354 839 2388 sancto
861 2354 906 2389 et
928 2346 1085 2390 diuino
1108 2347 1310 2390 seruitio.
1338 2349 1504 2390 Amen.

397 2424 600 2466 Salutate
628 2424 900 2466 nominatim
925 2440 950 2467 a
974 2425 1079 2467 tutti
1102 2424 1166 2481 gli
1191 2425 1331 2477 Patri,
1368 2425 1532 2468 fratelli
1564 2433 1609 2468 et
1630 2425 1785 2469 deuoti
1807 2426 1956 2469 nostri

307 2500 352 2541 in
376 2501 418 2542 X
443 2511 464 2533 Ο

394 2577 452 2619 Di
479 2578 694 2633 Aphrica,
721 2579 762 2634 xj
788 2580 832 2620 d'
859 2580 1076 2635 Augusto
1112 2590 1237 2634 1551.

573 2657 681 2698 Vro.
708 2657 781 2697 nel
805 2657 903 2700 Sor
932 2658 988 2699 N.
1017 2657 1191 2700 fratello
1214 2664 1259 2699 et
1282 2672 1431 2710 seruo,

1181 2735 1483 2778 HIERONYMO
1517 2736 1701 2778 NADAL.

393 2811 432 2850 A
457 2813 599 2865 tergo:
623 2810 907 2865 Copia—Al
936 2811 1075 2853 molto
1104 2811 1213 2853 R.d0
1236 2811 1283 2853 in
1306 2811 1489 2854 Christo
1514 2813 1595 2854 Re
1622 2814 1668 2854 M
1677 2822 1713 2854 .0
1742 2812 1954 2855 Antonio-

381 2996 386 3013 ¹
440 2993 707 3027 Ferdinandus
726 2994 774 3028 de
794 2995 918 3039 Vega.

377 3056 390 3073 '²
409 3099 415 3105 ι
443 3053 484 3085 Ρ.
506 3053 741 3088 Benedictus
760 3053 943 3089 Palmius.
