2038 3313
267 157 337 202 834

264 274 309 279 -—
337 253 669 301 Archiepiscopus
697 259 736 289 et
760 253 968 290 cardinalis
994 253 1052 289 Si-

313 315 434 351 liceus
469 316 700 352 adversatur
731 316 936 363 Societati,
967 315 1051 358 233,

312 374 394 420 2343
416 375 506 411 vide
532 375 723 412 Martinez
742 375 938 422 Guijarro.

263 434 428 470 Toletus
447 435 512 478 (de
530 435 710 479 Toledo),
736 435 780 470 P.
804 434 1049 478 Franciseus,

313 493 353 528 S.
376 495 429 540 J.,
450 495 758 536 exhortationes,
775 503 918 530 XXXIV.

262 554 420 599 Tolosa,
441 554 480 589 in
498 554 640 597 Gallia,
660 563 775 601 XXVI,
794 565 854 600 403
870 554 967 590 socii
980 555 1050 590 Pa-

313 612 402 648 miis
421 613 575 660 expulsi
596 614 845 660 excipiuntur
863 614 903 649 in
921 625 1050 649 mona-

311 673 432 708 sterio
456 672 497 708 S.
524 674 745 718 Benedicti,
773 673 941 709 Sanctae
972 674 1050 708 Ma-

310 732 391 768 riae
426 734 646 768 Deauratae
680 733 895 777 (Daurade)
928 733 1048 774 dicto,

309 802 371 838 40,
395 793 478 837 7283
504 792 662 839 collegii
687 792 727 827 S.
762 794 798 838 J.
832 792 956 838 initia,
986 792 1048 838 43,

309 862 370 897 44,
389 860 473 897 729,
492 851 574 897 739,
595 851 680 898 736,
700 860 781 896 750v

259 933 306 936 ——
334 910 678 958 Archiepiscopus,
698 911 788 946 vide
809 912 1045 958 Armagnac.

260 970 515 1017 Tordesillas,
530 970 715 1017 oppidum
729 970 769 1005 in
784 970 958 1006 Castella
972 971 1047 1006 Ve-

309 1030 398 1073 teri,
423 1038 522 1065 xxv.

258 1090 481 1124 Tornacum
495 1089 710 1133 (Tournai),
728 1098 842 1135 XXVI,
852 1098 952 1133 XXX3
968 1090 1046 1124 col-

305 1148 453 1194 legium
472 1148 513 1183 S.
535 1149 571 1194 J.
590 1148 776 1184 fundatur
794 1150 842 1184 ab
861 1149 1045 1195 episcopo

305 1213 345 1242 et
368 1207 547 1251 civitate,
570 1208 655 1252 7463
682 1209 847 1243 alterum
878 1208 926 1243 ad
959 1219 1045 1243 nor-

305 1277 406 1300 mam
419 1266 851 1311 germaniciinstituere
865 1267 1042 1313 cupiunt,

302 1325 388 1372 746,
413 1334 497 1371 747;
522 1326 821 1371 recognoscitur
851 1338 873 1361 a
903 1326 1042 1372 Nadal,

303 1393 387 1430 747·

254 1444 442 1489 Torrent,
462 1444 673 1479 canonicus
697 1444 978 1490 majoricensis,
997 1444 1037 1478 6.

255 1505 414 1545 Torres,
441 1504 484 1538 P.
510 1504 713 1538 Balthasar
731 1504 795 1548 de,
823 1504 863 1539 S.
885 1505 937 1550 J.,
964 1517 1043 1540 me-

301 1563 412 1598 dicus
443 1563 604 1609 Romae,
630 1563 718 1607 2843
750 1564 833 1598 obit
864 1564 1042 1611 Neapoli,

303 1622 387 1667 465.

255 1682 414 1727 Torres,
440 1682 509 1716 Dr.
536 1682 857 1717 Bartholomaeus
888 1682 950 1723 de,
984 1694 1043 1717 se-

301 1741 458 1786 guntini
476 1741 633 1787 collegii
652 1743 789 1788 lector,
810 1754 899 1776 mox
921 1742 1043 1778 Cana-

302 1798 383 1834 riae
402 1799 624 1846 episcopus,
644 1809 711 1845 XL,
731 1809 824 1843 XLII,
847 1810 958 1835 XLIII.

253 1859 417 1905 Torres,
437 1860 480 1893 P.
502 1859 667 1895 Michael
687 1859 750 1901 de,
768 1859 808 1894 S.
826 1861 880 1906 J.‚
896 1869 1041 1905 XXXIX,

302 1928 361 1963 203
395 1919 702 1965 Compostellam
730 1920 840 1955 venit
870 1931 938 1966 pro
965 1922 1043 1956 col-

301 1978 405 2024 legio
436 1979 693 2023 instituendo,
729 1988 809 2026 177,
844 1980 924 2026 1893
959 1990 1040 2025 242,

302 2038 387 2082 258,
407 2046 490 2083 7743
512 2045 718 2086 exemptus
743 2041 792 2074 ab
817 2039 1042 2075 obedientia

301 2096 468 2141 Natalis3
490 2099 653 2133 multum
672 2098 782 2133 illum
802 2099 929 2145 juvat,
959 2100 1039 2145 1963

299 2157 439 2193 domus
458 2158 499 2192 S.
519 2157 643 2192 Rochi
661 2158 862 2205 principiis
886 2164 1042 2205 praeest

302 2222 343 2252 et
377 2216 506 2252 studia
540 2217 693 2252 ordinat
727 2223 814 2264 post
845 2219 1040 2262 Natalem,

302 2285 385 2319 200,
411 2276 495 2322 6993
522 2277 668 2323 optime
693 2289 775 2312 rem
797 2277 901 2323 gerit
925 2278 1041 2324 Ulys-

301 2336 452 2382 sipone,
478 2336 637 2381 reginae
667 2342 817 2382 gratus,
850 2345 931 2381 2053
964 2339 1041 2372 col-

302 2395 473 2430 lateralis
501 2396 766 2441 provincialis,
799 2402 838 2431 et
865 2396 1040 2442 superior

300 2453 561 2500 Ulyssipone,
588 2465 633 2489 eo
657 2456 839 2500 absente,
862 2464 944 2499 2103
971 2467 1039 2501 pro

301 2514 501 2549 exercitiis
520 2514 803 2560 spiritualibus,
825 2523 906 2559 2143
927 2515 1040 2550 dece-

301 2578 411 2618 ptum
430 2585 451 2608 a
470 2573 668 2609 Societate
693 2586 783 2609 eum
807 2574 963 2609 dicebat
982 2574 1040 2609 Si-

301 2632 437 2676 liceus,
467 2631 554 2677 2343
578 2633 761 2668 Baeticae
788 2633 1039 2679 provincialis

299 2690 550 2738 designatur,
585 2692 672 2737 2483
711 2694 857 2728 elector
891 2693 1038 2740 primae

298 2752 617 2796 congregationis
638 2752 835 2797 generalis
860 2753 1039 2799 proponi-

302 2815 378 2853 tur,
403 2809 486 2854 3463
512 2822 561 2845 an
589 2823 609 2845 e
641 2811 842 2846 Lusitania
869 2812 1038 2847 educen-

301 2868 388 2912 dus,
404 2868 486 2913 3723
501 2869 745 2916 praepositus
759 2870 897 2905 domus
913 2871 952 2906 S.
963 2872 1037 2907 Ro-

301 2927 378 2973 chi,
399 2927 480 2972 535;
501 2928 650 2974 aliquos
669 2930 805 2965 Patres
832 2935 871 2964 et
895 2930 1036 2966 fratres

303 2985 424 3027 mittit
457 2986 725 3031 Mazaganum,
762 2988 844 3033 6893
882 2989 980 3034 petit
1014 3002 1035 3024 a

1009 158 1181 195 humens

1176 255 1217 290 S.
1238 257 1406 303 Ignatio,
1429 263 1471 294 ut
1486 259 1608 294 Nadal
1623 259 1690 295 diu
1705 267 1860 298 maneat
1873 262 1914 298 in

1175 315 1391 363 Lusitania,
1410 325 1494 362 7743
1520 319 1594 354 sub
1619 318 1704 365 ejus
1728 320 1914 357 obedien-

1175 374 1228 410 tia
1246 375 1382 411 vivere
1401 382 1576 424 exoptat,
1597 385 1686 423 7753
1707 379 1750 414 P.
1771 380 1914 416 Torres

1174 440 1214 470 et
1231 434 1311 470 dux
1329 436 1553 482 Brigantiae
1565 465 1574 482 ,
1593 445 1683 482 795,
1702 438 1791 484 796:
1810 439 1912 486 regi-

1173 507 1246 530 nae
1265 496 1529 542 Portugalliae
1548 509 1569 532 a
1584 497 1913 546 confessionibus,

1173 553 1260 589 802.

1124 613 1338 658 TormeIIa,
1359 615 1571 662 Antonius,
1590 617 1801 652 canonicus
1833 630 1911 657 ma,-

1167 673 1391 721 joricensis,
1411 683 1445 718 5,
1466 676 1503 717 6,
1523 687 1558 722 9.

1124 733 1317 780 Toscano,
1336 735 1575 770 Benedictus
1589 736 1767 780 (Benzo),
1789 735 1829 771 S.
1847 737 1888 782 J.
1900 766 1910 782 ,

1172 802 1254 838 509;
1276 794 1361 839 ejus
1380 806 1562 840 examen,
1582 794 1665 839 566,
1681 795 1764 840 567.

1123 852 1307 895 Tournai,
1324 853 1414 888 vide
1433 854 1667 889 Tornacum.

1122 911 1306 957 Trapani,
1327 912 1417 947 vide
1438 914 1677 959 Drepanum.

1121 970 1349 1006 Trevinium
1375 972 1591 1016 (Trevifio),
1611 971 1797 1018 oppidum
1821 983 1907 1019 pro—

1168 1031 1321 1066 vinciae
1341 1031 1505 1077 Alavae‚
1525 1041 1624 1066 XXV.

1120 1091 1293 1137 Treviri,
1319 1092 1381 1126 vel
1406 1091 1590 1126 Treveris
1615 1092 1770 1136 (Trier),
1799 1092 1909 1138 urbs,

1167 1159 1282 1194 XXVI,
1302 1160 1401 1185 xxx.

1119 1210 1350 1245 Tridentum
1366 1237 1374 1253 ,
1409 1210 1685 1257 concilium,
1716 1219 1904 1252 XXXVII,

1166 1279 1338 1312 xxxvm,
1365 1271 1448 1312 368,
1481 1270 1564 1315 369,
1596 1269 1680 1315 378,
1706 1269 1790 1316 379,
1822 1269 1907 1316 387,

1165 1327 1249 1374 399,
1272 1328 1360 1374 391,
1385 1330 1467 1374 496,
1492 1338 1573 1374 497,
1602 1339 1687 1374 422,
1713 1338 1796 1375 442,
1821 1339 1906 1375 444,

1164 1396 1249 1433 459,
1274 1388 1359 1433 491,
1386 1387 1469 1434 593,
1495 1387 1577 1432 518,
1604 1387 1687 1432 553,
1711 1387 1796 1433 678;
1823 1387 1908 1433 ejus

1165 1448 1323 1483 decreta
1342 1447 1495 1493 vulgari
1513 1447 1552 1482 in
1571 1447 1784 1484 Germania
1796 1453 1909 1483 curat

1165 1507 1303 1552 Nadal,
1337 1507 1420 1547 3103
1452 1507 1662 1543 concilium
1694 1512 1733 1542 et
1763 1507 1907 1554 Philip-

1165 1578 1236 1612 pus
1260 1567 1307 1610 11,
1335 1565 1417 1611 5033
1443 1566 1654 1612 collegium
1673 1566 1713 1601 S.
1735 1567 1797 1612 Ji,
1823 1565 1907 1610 287.

1117 1646 1163 1651 ——
1188 1625 1419 1672 Episcopus,
1444 1625 1535 1660 vide
1554 1625 1764 1661 Madrucci.

1117 1683 1346 1720 Triennium
1359 1686 1623 1730 generalatus,
1640 1684 1732 1719 vide
1744 1684 1903 1719 Lainez.

1116 1764 1164 1770 —
1188 1745 1333 1780 Paulus
1353 1745 1420 1779 IV.

1118 1802 1395 1848 Trigueros,
1432 1802 1641 1848 collegium
1675 1802 1902 1848 admissum,

1166 1862 1249 1907 377,
1270 1861 1353 1908 392.

1117 1921 1300 1968 Tripolis,
1327 1929 1441 1967 capta
1470 1933 1491 1956 a
1523 1920 1688 1965 mauris,
1722 1929 1802 1966 1173
1834 1933 1903 1957 rex

1164 1980 1377 2027 Hispaniae
1408 1981 1575 2015 classem
1606 1991 1695 2015 cum
1725 1981 1903 2016 exercitu

1163 2040 1255 2076 illuc
1275 2040 1409 2083 mittit,
1431 2040 1514 2085 357,
1531 2039 1613 2084 358.

1115 2101 1333 2135 Truchsess
1348 2100 1396 2134 de
1414 2099 1645 2145 Waldburg,
1656 2098 1766 2145 Otto,
1781 2100 1905 2135 cardi-

1163 2159 1261 2195 nalis
1280 2166 1536 2205 augustanuS,
1557 2168 1627 2203 XX,
1647 2159 1731 2205 ejus
1755 2159 1901 2205 gestio-

1162 2231 1232 2253 nes
1252 2230 1320 2265 pro
1334 2218 1500 2264 collegio
1517 2218 1756 2263 germanico,
1776 2219 1859 2264 2803
1879 2231 1901 2254 a

1161 2278 1285 2312 Nadal
1318 2278 1472 2323 visitur,
1498 2278 1695 2324 operarios
1724 2289 1793 2324 pro
1823 2279 1899 2313 col-

1162 2337 1265 2383 legio
1300 2342 1517 2382 augustano
1553 2337 1664 2384 petit,
1696 2337 1778 2381 2883
1815 2337 1898 2382 2933

1160 2396 1351 2442 dilingani
1386 2395 1544 2441 collegii
1574 2396 1779 2439 sollicitus,
1815 2405 1898 2441 297,

1162 2456 1245 2502 298,
1256 2456 1339 2500 3003
1353 2456 1551 2491 desiderat
1560 2462 1602 2491 ut
1611 2456 1733 2491 Nadal
1749 2457 1789 2492 in
1803 2457 1904 2492 Ger-

1160 2516 1328 2551 maniam
1362 2517 1551 2561 mittatur,
1583 2514 1754 2560 350-3523
1780 2515 1902 2551 instat

1161 2582 1300 2622 petens
1326 2578 1552 2622 theologum
1572 2576 1796 2621 Societatis,
1813 2576 1898 2622 376,

1160 2635 1242 2680 377;
1264 2648 1340 2671 non
1356 2636 1568 2680 invenitur,
1585 2635 1667 2680 4183
1684 2635 1796 2670 aliter
1814 2647 1899 2682 pro—

1160 2695 1302 2739 visum,
1317 2695 1401 2740 4393
1421 2695 1618 2730 desiderat
1636 2695 1817 2729 Natalem
1830 2706 1900 2741 pro

1159 2766 1228 2789 sua
1248 2755 1433 2798 dioecesi,
1453 2762 1538 2799 777,
1559 2753 1646 2798 778.

1111 2813 1243 2847 Turno
1261 2813 1490 2857 (Tournon),
1512 2812 1756 2858 Franciscus‚
1776 2813 1898 2848 cardi—

1158 2873 1256 2907 nalis
1287 2873 1351 2917 de,
1381 2872 1462 2916 369,
1497 2881 1581 2917 441,
1612 2880 1696 2917 459,
1723 2871 1894 2917 739-744,

1157 2932 1367 2978 collegium
1393 2931 1436 2966 S.
1471 2933 1524 2977 J.,
1544 2940 1585 2978 X,
1611 2931 1695 2978 390,
1720 2942 1893 2977 440-444,

1156 2989 1239 3034 483.
