2038 3313
721 658 985 695 ADDENDA
1013 657 1078 691 ET
1105 656 1458 697 CORRIGENDA

266 959 373 1006 Pag.
391 966 516 1001 van,
537 957 611 992 lin.
631 966 667 1001 5,
683 960 761 1004 pro
780 958 864 1002 has,
885 956 992 1003 lege:
1011 956 1098 991 hae.

267 1019 376 1065 Pag.
407 1027 464 1063 33,
491 1019 630 1052 annot.
657 1026 697 1062 4,
724 1016 797 1051 lin.
825 1025 847 1060 5
869 1015 919 1051 ab
941 1016 1038 1057 imo,
1059 1019 1138 1063 pro
1156 1015 1296 1052 Strada
1313 1016 1475 1064 primus,
1496 1018 1602 1065 lege:
1622 1022 1778 1065 praeter
1803 1019 1917 1066 alios,

340 1076 481 1112 strada
498 1076 615 1123 prior.

266 1137 373 1184 Pag.
394 1136 461 1180 69,
483 1136 557 1171 lin.
577 1145 598 1171 Ι
616 1138 652 1171 et
669 1145 711 1180 9,
727 1138 806 1182 pro
828 1143 934 1180 1541,
955 1135 1062 1182 lege:
1085 1143 1189 1181 1549.

262 1197 373 1244 Pag.
393 1205 478 1240 141,
499 1196 574 1231 lin.
594 1196 634 1237 8,
648 1198 727 1243 pro
749 1203 855 1241 1552,
870 1195 973 1242 lege:
995 1194 1101 1240 1553.

267 1256 375 1303 Pag.
398 1265 486 1301 193,
514 1256 588 1290 lin.
614 1264 670 1297 11,
691 1259 770 1302 pro
795 1254 1020 1290 «Ludovico
1049 1254 1309 1307 Govzqalves»,
1336 1256 1437 1304 lege:
1464 1255 1746 1293 «Gundisalvo
1769 1258 1817 1293 de
1836 1257 1917 1293 Sil-

337 1327 492 1351 vezra».
1659 1335 1662 1337 -

265 1376 373 1422 Pag.
393 1384 484 1419 209,
505 1375 578 1410 lin.
600 1374 636 1416 6,
653 1377 730 1421 pro
750 1373 978 1421 Compafiia.
1001 1374 1052 1410 Se
1072 1380 1183 1410 torna
1201 1374 1295 1410 Luis
1314 1374 1510 1421 Gonqales
1535 1378 1649 1423 aqud,
1675 1388 1702 1423 y
1720 1376 1769 1411 D.
1790 1376 1917 1411 Theo-

335 1434 458 1479 tonio,
479 1434 580 1481 lege:
597 1434 826 1480 Compafiia‚
842 1433 876 1469 si
890 1434 996 1480 [ms.,
1011 1434 1082 1480 se.]
1097 1439 1208 1470 torna
1222 1433 1316 1470 Luis
1332 1434 1528 1481 Gonqales
1543 1438 1655 1482 aquai.
1672 1436 1707 1470 Y
1723 1436 1773 1471 D.
1789 1436 1917 1471 Theo-

339 1499 493 1529 tomo...

264 1553 374 1601 Pag.
403 1562 484 1598 307,
510 1554 555 1588 in
586 1556 726 1589 annot.
759 1564 793 1596 Ι,
825 1555 920 1589 haec
950 1555 1159 1589 addenda:
1189 1555 1357 1589 Exstant
1388 1553 1548 1601 insuper
1577 1554 1692 1601 hujus
1723 1555 1916 1602 epistolae

336 1617 523 1659 excerpta
542 1612 744 1660 hispanice
763 1613 923 1660 scripta,
945 1618 985 1649 et
1009 1625 1031 1648 a
1053 1614 1224 1649 Polanco
1250 1613 1471 1660 emendata,
1498 1614 1537 1649 in
1563 1615 1694 1662 Epist,
1720 1615 1863 1650 Natal.
1884 1614 1917 1661 Ι,

335 1672 481 1719 triplici
500 1672 584 1716 fol.‚
604 1682 650 1708 20
667 1673 768 1720 (198,
792 1682 873 1720 199,
893 1676 1003 1718 200);
1024 1679 1065 1709 et
1083 1673 1158 1709 alia
1176 1674 1359 1709 breviora
1376 1679 1562 1720 excerpta
1586 1674 1751 1721 hispano
1771 1674 1917 1720 pariter

336 1744 518 1768 sermone
536 1734 774 1780 conscripta,
794 1733 906 1779 ibid„
926 1733 1073 1780 duplici
1092 1733 1159 1768 fol.
1181 1743 1239 1778 24.

263 1793 368 1839 Pag.
393 1792 474 1837 318,
496 1793 570 1828 lin.
591 1802 635 1838 13
654 1793 702 1828 ab
720 1794 816 1835 imo,
831 1796 922 1840 post
940 1794 1105 1829 verbum
1125 1793 1285 1838 ornado‚
1306 1794 1424 1829 adde:
1444 1794 1530 1840 [δίᾳ
1541 1796 1619 1841 pro
1638 1792 1863 1839 ordenado].

264 1852 372 1899 Pag.
399 1862 480 1897 334,
504 1853 578 1887 lin.
600 1861 634 1897 7,
650 1856 728 1900 pro
747 1853 1042 1899 commentaria,
1062 1854 1163 1900 lege:
1183 1853 1325 1888 studia.

263 1911 370 1958 Pag.
392 1910 476 1955 367,
497 1911 572 1946 lin.
594 1920 628 1957 3,
644 1914 723 1958 pro
742 1900 981 1957 JACOBUS
1002 1911 1212 1957 LAINEZ,
1227 1911 1328 1958 lege:
1349 1911 1544 1957 JOANNES
1563 1919 1619 1945 DE
1637 1911 1842 1947 POLANCO
1862 1922 1912 1945 ex

333 1970 611 2006 commissione
630 1971 674 2006 P.
695 1971 906 2006 LAINEZ.

261 2030 368 2077 Pag.
392 2030 481 2075 369,
502 2031 576 2066 lin.
597 2030 656 2072 16,
680 2031 746 2066 ubi
763 2032 862 2067 dicit
881 2032 1078 2077 JOANNES
1096 2039 1152 2066 DE
1170 2031 1389 2076 POLANCO‚
1408 2031 1526 2067 adde:
1552 2041 1601 2065 ex
1619 2029 1914 2066 commissione.

261 2089 368 2137 Pag.
389 2099 476 2134 700,
498 2091 571 2126 lin.
592 2099 656 2135 19,
672 2094 749 2137 pro
768 2091 878 2137 [Luis
899 2090 1154 2136 GonqalvesL
1175 2091 1276 2137 lege:
1297 2089 1460 2136 [Miguel
1479 2089 1527 2125 de
1545 2089 1719 2135 Torres].
