2038 3313
702 213 744 240 12
772 204 963 242 AUGUsri
993 202 1079 247 1561
1644 206 1712 243 509

826 407 942 449 1453

621 511 861 548 MICHAEL
888 511 957 546 DE
985 508 1159 546 SOUSA

324 611 572 656 PATRI
625 606 1124 653 HIERONYMO
1178 603 1458 647 NADAL

460 716 803 767 Conimbricae,
836 727 884 758 12
909 712 1115 770 Augusti
1144 712 1250 767 1561
1281 712 1311 754 ¹.

172 827 355 863 Consulit
386 826 555 861 Patrem
586 823 737 867 Νασῖαῑ,
774 835 829 858 an
853 820 1176 869 permittendum
1206 819 1259 854 sit
1274 819 1406 854 Benzo
1436 820 1610 853 matrem

719 893 837 916 suam
858 881 1047 916 invisere.

882 959 904 993 †

837 997 936 1054 Jhs.

159 1091 255 1136 Mui
278 1092 392 1134 Rdo.
420 1105 479 1135 en
500 1091 588 1133 X.0
617 1088 779 1132 Padre.

162 1171 259 1213 Pax
281 1167 355 1212 X.i

159 1249 225 1292 La
248 1247 403 1290 madre
425 1246 483 1290 de
500 1246 656 1288 Benzo
680 1244 904 1294 Toscano,
925 1255 954 1297 y
977 1241 1019 1285 el
1043 1242 1096 1284 P.
1123 1241 1242 1283 Cota
1259 1240 1273 1260 ‘²
1294 1239 1572 1283 escriuieron
1594 1247 1716 1283 estas

67 1334 214 1371 cartas
237 1340 326 1381 que
349 1327 454 1378 aqui
473 1337 580 1376 uan,
606 1322 740 1365 sobre
761 1319 895 1363 laida
912 1319 970 1363 (16
988 1321 1142 1362 136620
1161 1319 1386 1370 Το56360,
1408 1318 1450 1360 31
1468 1324 1646 1373 puerto.
1674 1319 1714 1360 Y

68 1418 241 1461 porque
275 1402 317 1446 el
357 1403 410 1445 P.
443 1402 478 1444 F
482 1399 690 1443 rancisco
719 1399 762 1442 16
789 1413 815 1441 3
846 1395 1086 1454 promitido
1121 1403 1272 1438 tantas
1304 1410 1441 1440 uezes
1474 1410 1563 1451 que
1595 1402 1715 1439 estas

141 1557 152 1576 ¹
203 1554 262 1591 Ex
277 1552 533 1598 autographo,
554 1550 594 1585 in
616 1549 742 1584 Lusit.
760 1549 893 1595 Epist.
913 1546 1134 1592 1561-1563,
1150 1547 1204 1590 II,
1226 1546 1341 1582 unico
1356 1546 1440 1592 fol„
1455 1546 1514 1590 65.
1531 1546 1632 1582 Cum
1646 1547 1718 1582 hac

69 1614 235 1662 epistola
254 1613 373 1648 missa
390 1612 465 1647 fuit
483 1611 532 1646 ad
549 1612 593 1646 P.
614 1610 737 1645 Nadal
757 1611 893 1654 altera,
914 1607 1060 1654 duplici
1078 1606 1161 1652 fol„
1181 1607 1242 1653 64,
1262 1607 1302 1642 in
1317 1619 1392 1654 qua
1406 1612 1560 1653 praeter
1575 1619 1718 1654 paucas

68 1674 116 1709 de
135 1675 179 1710 P.
202 1672 385 1709 Andrade
400 1670 710 1716 informationes,
730 1668 875 1704 nullius
893 1668 942 1703 ad
960 1666 1162 1703 historiam
1181 1667 1385 1711 momenti,
1407 1666 1460 1702 nil
1479 1667 1717 1703 continetur.

72 1734 186 1771 Unde
204 1733 267 1769 hic
285 1732 444 1768 minime
463 1730 713 1766 inserendam
731 1729 928 1764 duximus.

139 1797 152 1817 2
203 1795 247 1829 P.
268 1792 456 1829 Melchior
475 1791 605 1836 Cotta,
625 1790 691 1837 qui
710 1802 753 1825 se
771 1789 1022 1825 Belclziorem
1042 1788 1179 1823 scribit
1194 1787 1234 1822 in
1249 1786 1445 1834 examine,
1462 1799 1511 1822 ex
1525 1799 1601 1835 quo
1621 1789 1718 1823 haec

71 1860 305 1890 mutuamur.
326 1854 501 1888 Examen
519 1858 853 1886 commune.—«1.
873 1849 933 1884 Yo
951 1860 1014 1883 me
1029 1850 1144 1884 113160
1164 1847 1346 1883 1361611101
1366 1847 1496 1883 Cotta.
1518 1857 1552 1883 2.
1579 1849 1718 1894 Tengo

71 1908 189 1951 trinta
207 1926 231 1961 y
251 1913 393 1960 cinquo
412 1916 505 1947 3605
520 1911 568 1946 (16
585 1910 697 1946 edad.
713 1909 748 1945 3.
766 1910 846 1956 Soy
861 1911 1076 1956 portugue's
1096 1909 1201 1954 [ms.,
1218 1908 1449 1956 portuge's]‚
1472 1921 1497 1954 y
1518 1908 1566 1943 de
1590 1909 1720 1943 Leiria

72 1975 267 2010 natural...
288 1984 323 2018 9.
344 1974 402 2008 En
421 1983 511 2007 casa
529 1971 578 2006 de
598 1971 670 2006 mis
689 1970 829 2017 padres
848 1971 896 2004 he
917 1969 1122 2005 estudiado
1141 1974 1221 2003 tres
1240 1972 1348 2003 3605.
1376 1969 1502 2003 Antes
1521 1968 1569 2003 de
1589 1975 1720 2004 entrar

72 2047 122 2069 en
140 2036 176 2069 13
195 2035 408 2080 Compafiia
426 2031 508 2067 bivi
527 2042 601 2066 con
620 2032 700 2066 hun
718 2033 834 2065 56601
859 2042 907 2064 66
933 2031 969 2064 13
996 2035 1119 2073 corte,
1145 2041 1220 2075 que
1246 2040 1288 2063 se
1314 2029 1415 2064 dizia
1434 2029 1501 2064 P.0
1523 2029 1717 2065 Carvallo.

77 2104 132 2129 10.
153 2094 315 2129 Estudie
332 2105 380 2128 en
395 2094 431 2128 13
445 2092 705 2138 Compafiia...
725 2089 812 2125 13...
829 2090 914 2136 Fuy
928 2089 1102 2124 recibido
1121 2089 1183 2124 del
1203 2090 1269 2124 P.e
1290 2090 1460 2124 Maestro
1475 2089 1624 2135 Simon,
1645 2101 1720 2136 que

74 2167 139 2189 era
163 2153 392 2201 provincial,
417 2165 466 2188 en
494 2154 531 2187 13
555 2151 697 2186 ciudad
720 2151 768 2185 de
793 2151 935 2195 Ebora,
962 2155 1074 2184 antes
1099 2149 1147 2184 de
1168 2161 1261 2184 aver
1285 2150 1350 2184 alli
1368 2150 1584 2195 collegio...
1607 2158 1662 2193 15.
1685 2150 1720 2184 A

74 2215 215 2261 quinze
235 2217 256 2248 ό
275 2213 442 2248 (16215615
461 2216 555 2247 3605
574 2223 649 2258 que
669 2213 779 2246 entre
800 2222 848 2245 en
869 2211 903 2245 13
923 2209 1183 2256 Compafiia...
1214 2218 1269 2254 17.
1295 2209 1396 2244 Hize
1422 2211 1479 2244 los
1505 2209 1720 2244 exercicios

75 2287 149 2309 663
168 2286 254 2317 vez,
276 2275 309 2308 el
330 2277 402 2308 360
421 2284 496 2320 que
516 2272 571 2307 161
589 2271 778 2316 recibido,
799 2282 868 2317 por
886 2269 1041 2316 espacio
1060 2270 1108 2304 de
1129 2269 1272 2304 treinta
1290 2270 1388 2312 dias,
1408 2283 1432 2316 y
1453 2272 1582 2316 Hegue
1610 2271 1721 2305 hasta

77 2336 111 2369 el
137 2335 325 2381 mysterio
344 2333 393 2368 de
418 2335 454 2368 13
478 2332 756 2375 resurrection3
783 2343 808 2376 y
833 2330 1017 2376 despues,
1043 2331 1078 2364 31
1103 2331 1201 2364 cabo
1229 2330 1291 2365 del
1316 2341 1430 2364 curso
1454 2330 1502 2365 de
1528 2336 1631 2365 artes
1660 2343 1721 2365 me

74 2395 334 2430 concedieron
353 2394 450 2428 ocho
474 2393 557 2427 dias
583 2403 675 2438 para
699 2393 815 2426 hazer
840 2389 1054 2425 exercicios
1080 2390 1128 2425 de
1153 2391 1189 2425 13
1214 2390 1381 2436 primera
1406 2403 1564 2425 semana
1587 2403 1613 2436 y
1639 2396 1720 2425 otra

73 2454 296 2490 confession
314 2454 520 2499 general...
545 2460 600 2497 19.
619 2451 699 2497 Soy
720 2450 1016 2486 sacerdote..2o.
1038 2451 1097 2484 En
1122 2449 1294 2485 Coinbra
1319 2452 1367 2485 he
1388 2451 1524 2486 estado
1542 2463 1653 2486 cerea
1672 2451 1720 2485 de

75 2526 171 2550 onze
189 2519 284 2550 3605
304 2526 353 2549 66
369 2512 557 2548 estudios.
576 2513 704 2546 Etuve
724 2511 895 2557 despues
916 2522 964 2546 en
983 2511 1110 2545 Evora
1128 2513 1209 2545 6135
1229 2511 1277 2545 (16
1302 2511 1372 2546 dos
1398 2515 1507 2546 3605.
1531 2512 1610 2546 Alli
1635 2523 1721 2558 pre-

74 2575 210 2610 dicava
228 2587 253 2622 y
272 2574 495 2617 6061653ν3,
515 2585 539 2619 y
561 2573 640 2607 hun
658 2572 806 2617 tiempo
825 2570 882 2606 fui
900 2570 1076 2617 prefecto
1096 2571 1144 2605 de
1163 2571 1220 2605 105
1240 2571 1430 2606 estudios.
1452 2573 1523 2606 Em
1549 2572 1721 2607 Lisbona

74 2637 123 2671 he
142 2635 277 2671 estado
296 2646 408 2670 cerea
426 2633 473 2668 de
493 2645 545 2668 un
563 2636 636 2667 360
656 2631 892 2678 predicando
910 2643 935 2677 y
954 2630 1207 2666 confesando.
1229 2630 1326 2668 Otra
1350 2643 1423 2666 vez
1442 2633 1548 2667 bolvi
1567 2635 1588 2667 a
1607 2633 1721 2668 Coin-

76 2697 159 2741 bra,
178 2708 204 2742 y
228 2700 368 2730 estuve
393 2705 505 2729 cerea
529 2692 578 2727 de
602 2698 686 2726 otro
711 2695 796 2726 360.
824 2690 1038 2726 Predicava
1056 2703 1081 2737 y
1106 2690 1317 2726 confesava
1341 2693 1399 2726 105
1426 2692 1632 2727 1161163605
1657 2693 1719 2727 del

77 2755 245 2801 collegio
270 2755 317 2790 de
342 2755 478 2797 haiim,
505 2765 531 2799 y
555 2754 661 2787 tenia
685 2756 827 2786 cuenta
852 2762 925 2786 606
950 2752 1008 2785 105
1033 2751 1208 2785 novicios
1237 2751 1286 2786 de
1312 2753 1424 2798 aquel
1450 2752 1631 2797 collegio.
1661 2753 1719 2794 En

77 2815 229 2861 Bragua
246 2814 365 2850 residi
384 2813 495 2860 quasi
514 2812 562 2847 de
581 2817 666 2846 otro
686 2815 759 2846 360
778 2816 890 2846 antes
909 2811 957 2845 de
977 2823 1019 2845 56
1038 2812 1154 2845 113261
1172 2812 1354 2857 collegio,
1375 2823 1448 2846 con
1467 2818 1572 2847 otros
1591 2813 1675 2858 dos,
1695 2824 1720 2859 y

78 2875 386 2910 exercitavamos
405 2875 440 2908 el
461 2871 677 2907 ministerio
695 2871 744 2906 de
762 2873 799 2906 13
818 2871 1046 2917 Compafiia.
1068 2872 1305 2907 Posavamos
1330 2884 1378 2907 en
1399 2874 1433 2907 el
1459 2873 1641 2919 hospital.
1662 2875 1720 2908 En

76 2936 111 2970 el
130 2936 274 2970 Puerto
293 2935 342 2969 he
361 2933 497 2968 estado
515 2943 612 2979 poco
632 2933 713 2966 mas
731 2931 780 2966 de
799 2931 877 2966 seis
897 2943 1041 2977 meses,
1057 2943 1106 2965 en
1121 2932 1286 2967 cuidado
1301 2932 1348 2967 de
1365 2934 1400 2967 13
1414 2944 1516 2968 casa.
1534 2942 1592 2968 21.
1609 2931 1719 2970 Onze

76 3006 198 3030 annos
217 2994 369 3029 estudie
389 3006 438 3028 en
457 2995 492 3028 13
511 2992 739 3037 Compafn‘a,
759 2991 829 3026 dos
849 2993 959 3035 latin,
980 2997 1059 3026 tres
1079 2991 1127 3026 de
1146 2998 1264 3036 artes,
1285 3006 1309 3038 y
1334 2994 1391 3028 los
1416 2993 1549 3028 demas
1574 2995 1721 3028 theolo-

78 3056 212 3100 gia...»
232 3054 291 3089 Ex
313 3053 407 3089 Cocl.
429 3054 488 3094 16,
511 3053 588 3086 vol.
605 3051 675 3094 IV,
691 3051 756 3085 101.
779 3060 861 3085 222.
