2038 3313
719 190 905 226 CODICES
932 191 976 225 P.
1005 189 1155 224 NADAL
1650 200 1760 227 xrvn

117 293 202 336 nis:
232 294 376 337 «Cum
398 300 612 351 ageretur
633 294 690 337 de
711 293 1032 337 contrahendis
1061 291 1252 349 Regulis
1278 291 1325 334 in
1355 292 1573 335 minorem
1602 307 1762 337 nume-

118 387 235 426 rum3
268 379 314 416 et
340 372 396 416 de
425 371 811 415 admonitionibus
842 372 894 413 P.
927 369 1102 414 Natalis
1136 369 1181 412 in
1210 369 1433 426 Hispania
1455 376 1500 413 et
1530 369 1637 413 alibi
1659 371 1764 414 reli—

120 450 205 494 ctis
226 449 273 493 in
295 465 434 493 manu
464 449 818 493 Provincialium
848 448 1170 501 retinendis,...
1204 447 1517 504 Congregatio
1544 447 1590 490 id
1619 455 1764 491 totum

120 528 435 572 definitoribus
458 527 725 572 commisit.»
756 530 896 570 Porro
918 528 1001 569 has
1023 526 1358 570 admonitiones
1381 525 1492 568 nihil
1515 526 1638 569 aliud
1660 534 1767 569 sunt

121 622 257 663 quarn
280 608 426 651 codex
449 608 502 650 P.
528 607 691 660 Nadal,
717 621 869 662 supra,
895 620 940 648 n.
970 616 1012 660 5,
1037 604 1309 661 descriptus.

811 731 995 772 Codex
1022 730 1091 771 14

216 844 521 886 «Collectanea
557 842 610 885 de
648 842 875 885 Instituto.
932 841 1022 884 Vol.
1066 840 1104 883 I.
1117 841 1316 883 »-—Hoc
1355 839 1487 882 titulo
1525 839 1771 896 insignitur

122 921 266 965 codex
288 920 335 963 in
366 921 463 975 fol.,
495 919 572 976 qui
602 919 789 977 triginta
811 926 856 963 et
880 917 1071 975 amplius
1101 918 1323 974 opuscula
1346 917 1662 974 complectitur
1689 933 1770 962 va-

123 998 291 1042 riorum
314 1006 567 1042 auctorum.
610 999 707 1042 Sub
745 1011 933 1040 numero
974 997 998 1038 8
1038 995 1260 1052 reperitur
1292 994 1444 1039 brevis
1483 1002 1720 1048 tractatus,
1746 1011 1772 1039 a

126 1079 177 1120 P.
204 1077 366 1129 Nadal‚
393 1083 443 1119 ut
465 1075 661 1129 videtur,
688 1074 981 1131 compositus,
1003 1081 1048 1118 et
1071 1073 1127 1117 ab
1146 1072 1232 1116 alio
1250 1080 1478 1125 exaratus,
1500 1073 1574 1115 cui
1593 1072 1768 1116 titulus:

130 1156 226 1198 «De
253 1154 428 1198 ratione
455 1153 773 1210 collegiorum,
808 1166 924 1208 quae
953 1151 1170 1196 Societati
1208 1150 1416 1194 Nominis
1439 1152 1549 1208 Jesu
1585 1150 1773 1208 erigun-

126 1240 243 1276 tur.»
271 1233 482 1289 Quatuor
505 1231 621 1275 foliis
650 1237 844 1283 constat,
886 1244 1078 1286 quorum
1103 1236 1280 1272 tantum
1309 1229 1400 1272 duo
1429 1228 1579 1285 priora
1607 1228 1774 1285 scripta

126 1318 247 1355 sunt.
276 1312 319 1354 A
357 1318 489 1367 tergo
527 1309 675 1365 quarti
714 1308 806 1351 folii
845 1310 957 1351 haec
981 1322 1117 1350 manu
1158 1309 1210 1349 P.
1248 1307 1394 1350 Nadal
1431 1313 1615 1350 exarata
1648 1313 1771 1349 sunt:

130 1390 362 1447 «Regzclae
385 1392 424 1432 et
452 1387 457 1446 Ι
486 1388 799 1430 annotationes
822 1386 1136 1428 inemendatae
1166 1389 1206 1427 et
1241 1384 1389 1427 adhuc
1427 1384 1771 1427 consulendae.»

127 1467 302 1511 Deinde
331 1467 377 1510 in
406 1467 563 1511 eadem
593 1465 761 1523 pagina
790 1471 859 1509 est
888 1465 1065 1507 Nomen
1088 1465 1200 1521 Jesu
1224 1463 1394 1506 circulo
1416 1462 1660 1515 inclusum,
1686 1462 1772 1504 im—

128 1547 327 1602 perfecte
344 1545 454 1589 satis
476 1544 768 1588 delineatum.

218 1625 315 1669 Sub
344 1640 388 1667 n.
415 1639 443 1681 9
466 1622 688 1679 reperitur
712 1628 948 1673 tractatus,
975 1628 1025 1663 ut
1055 1620 1234 1664 videtur
1263 1618 1398 1662 etiam
1428 1633 1454 1661 a
1483 1618 1629 1662 Nadal
1651 1633 1776 1661 com—

129 1702 319 1759 positus,
345 1703 400 1745 de
423 1701 625 1744 oratione
649 1707 693 1744 et
715 1700 876 1756 spiritu
899 1698 1079 1755 proprio
1102 1697 1346 1743 Societatis
1362 1699 1489 1755 Jesu.
1518 1697 1598 1739 Est
1616 1695 1776 1752 palim-

131 1787 325 1837 psestus,
347 1781 468 1836 quod
485 1778 800 1835 complectitur
821 1790 873 1820 22
893 1777 1082 1834 paginas
1100 1776 1147 1818 in
1166 1775 1287 1827 folio,
1306 1791 1332 1818 a
1348 1773 1534 1818 librario
1552 1781 1774 1825 exaratas,

131 1867 176 1903 et
198 1875 224 1902 a
246 1859 391 1902 Nadal
414 1858 691 1901 emendatas.
714 1858 979 1912 Sequuntur
998 1854 1254 1898 immediate
1272 1853 1359 1897 alia
1383 1866 1430 1907 15
1451 1854 1498 1895 ff.
1525 1851 1774 1904 dimidiata,

132 1938 345 1993 oblonga,
372 1935 522 1982 omnia
546 1951 569 1977 a
594 1934 738 1977 Nadal
761 1933 929 1989 scripta
958 1934 1014 1975 de
1035 1933 1194 1976 eodem
1218 1937 1506 1988 argumento,
1540 1929 1618 1973 ubi
1649 1930 1779 1986 plura

131 2014 313 2057 virtutis
350 2012 552 2057 subsidia
585 2011 726 2054 latino
758 2025 966 2054 sermone
995 2010 1307 2053 enucleantur.
1351 2008 1436 2051 His
1474 2007 1671 2051 insertus
1709 2014 1778 2062 est

132 2092 247 2135 alius
285 2092 429 2135 codex
456 2091 613 2134 eadem
646 2090 788 2132 forma
812 2089 1027 2145 oblonga,
1060 2087 1107 2130 in
1130 2086 1368 2139 semifolio,
1395 2085 1629 2142 hispanice
1666 2099 1778 2127 con—

135 2170 351 2227 scriptus,
392 2168 469 2225 qui
498 2181 549 2222 14
585 2169 633 2210 ff.
674 2173 870 2220 constat,
902 2165 1064 2222 partim
1099 2181 1125 2209 a
1154 2165 1298 2208 Nadal
1336 2162 1497 2219 partim
1536 2179 1562 2206 a
1594 2161 1778 2206 librario

136 2247 346 2302 exaratis,
373 2254 418 2291 et
439 2247 496 2289 de
518 2245 722 2302 collegiis
751 2259 802 2288 ac
831 2244 887 2287 de
914 2250 1174 2286 nostrorum
1197 2240 1572 2285 scholasticorum
1596 2239 1780 2283 institu—

137 2326 261 2370 tione
282 2333 327 2370 et
349 2323 597 2368 domestica
619 2322 855 2379 disciplina
883 2321 994 2378 agit.

227 2405 323 2449 Sub
341 2403 500 2446 eodem
538 2415 726 2444 numero
765 2400 947 2443 tandem
972 2398 1057 2442 tria
1093 2400 1140 2441 ff.
1175 2398 1355 2454 integra
1394 2399 1446 2440 P.
1473 2396 1620 2440 Nadal
1642 2409 1779 2438 manu

138 2481 394 2538 conscripta
420 2485 689 2535 sequuntur,
723 2477 801 2520 ubi
829 2477 952 2521 varia
980 2477 1038 2520 de
1066 2475 1269 2519 oratione
1292 2490 1373 2532 pro
1406 2472 1648 2519 Societatis
1670 2474 1782 2530 Jesu

140 2559 334 2604 alumnis
357 2559 612 2601 traduntur.

232 2637 536 2681 «Collectanea
559 2634 612 2676 de
648 2633 872 2676 Instituto.
925 2633 1015 2675 Vol.
1066 2632 1192 2675 VIII.
1205 2631 1393 2674 ›>——Hoc
1432 2628 1563 2673 titulo
1599 2635 1784 2672 notatur

137 2717 297 2769 codeX,
318 2715 449 2772 plura
465 2712 685 2770 opuscula
701 2711 757 2754 de
774 2711 911 2754 rebus
929 2709 1170 2755 Societatis
1186 2709 1509 2766 complectens,
1530 2707 1649 2750 inter
1665 2720 1782 2761 quae

139 2800 208 2838 est
234 2791 482 2850 disputatio
509 2791 566 2834 de
603 2788 882 2847 professione
912 2796 958 2832 et
985 2790 1140 2841 choro,
1174 2802 1255 2844 pro
1290 2785 1555 2830 defensione
1583 2783 1784 2828 Instituti

139 2870 395 2917 Societatis.
412 2871 560 2912 ——Est
597 2868 909 2924 apographum
951 2881 1044 2910 non
1087 2872 1391 2909 numeratum.
1434 2865 1610 2907 Auctor
1645 2861 1783 2917 hujus

142 2948 297 3006 scripti
319 2948 498 2991 videtur
518 2961 618 2990 esse
643 2947 694 2988 P.
721 2944 882 2997 Nadal,
903 2943 947 2986 in
967 2942 1173 3000 margine
1189 2942 1309 2986 enim
1328 2941 1499 2998 primae
1516 2939 1710 2996 paginae
1728 2939 1784 2981 ad

143 3026 413 3086 principium
436 3027 565 3076 haec,
591 3023 749 3080 ignota
770 3037 909 3066 manu
930 3020 1114 3078 scripta,
1147 3021 1455 3076 reperiuntur:
1493 3017 1612 3060 «Pis
1642 3018 1774 3059 Nata—
