2038 3313
246 236 313 274 292
816 228 955 264 prsr.
983 226 1027 264 P.
1055 226 1313 274 NADAL—73

342 343 407 386 13.
469 330 502 373 Il
525 331 656 374 Rmo.
682 330 850 374 nuncio
872 332 901 384 ¹,
921 329 982 373 mi
998 332 1057 374 ha
1074 337 1265 387 pregato
1288 330 1620 376 intensamente
1643 332 1727 374 che
1749 329 1835 373 Stia
1856 329 1886 372 il

244 416 395 466 tempo
418 410 502 453 che
524 409 646 453 staro
668 408 714 451 in
737 415 897 464 queste
918 408 1068 452 bande
1090 407 1137 451 in
1154 422 1260 452 casa
1277 423 1375 464 sua,
1396 423 1476 465 per
1492 407 1755 465 agiuttarlo‚
1775 414 1882 460 etc.,

243 493 288 532 et
310 486 408 530 cusi
430 486 474 529 10
498 486 593 529 faro
615 501 701 530 con
723 485 754 528 il
776 501 935 543 parere
957 486 1030 530 del
1053 487 1183 529 Rmo.
1209 486 1466 541 labacense,
1492 501 1518 530 a
1547 485 1620 529 chi
1642 487 1703 528 ho
1725 486 1886 530 offerto

243 563 469 621 guidarmi
491 563 538 607 in
561 570 680 607 tutto
702 564 776 621 pel
797 578 882 611 suo
904 563 1122 620 conseglo
1145 570 1191 608 et
1212 578 1387 620 parere.

339 655 406 697 14.
472 643 529 686 V.
559 644 611 685 P.
637 656 687 685 sa
710 641 816 697 quel
838 640 1034 697 Signore
1056 656 1136 697 per
1158 655 1241 684 sua
1263 642 1402 685 bonta
1432 641 1493 684 mi
1521 643 1581 684 ha
1608 641 1715 684 dato
1747 640 1888 697 algun

241 734 376 764 senso
397 720 516 764 della
537 718 796 764 obedientia
819 726 864 764 et
886 718 1191 763 indifferentia
1213 720 1332 764 nella
1353 719 1543 762 volunta
1565 718 1671 763 delli
1700 718 1788 763 mei
1810 733 1890 762 su—

240 796 420 854 periori,
447 803 492 841 et
514 811 606 839 non
629 796 689 839 mi
706 795 883 840 ricordo
901 797 986 840 che
1002 795 1063 838 mi
1081 796 1146 839 sia
1163 796 1380 840 inclinato
1397 812 1424 840 a
1440 811 1548 840 cosa
1566 797 1736 853 alguna
1753 811 1889 840 senza

241 874 384 931 prima
406 888 624 918 conoscer
646 875 688 917 la
710 874 898 917 volunta
920 874 994 918 del
1016 873 1266 931 superiore,
1292 890 1350 919 ne
1372 874 1534 919 adesso
1556 889 1605 919 se
1627 889 1720 917 non
1737 874 1779 917 al
1802 888 1891 930 que

243 953 303 995 ho
325 958 537 1008 presente
559 951 758 996 secondo
780 952 898 996 vedo
928 951 971 994 la
998 952 1186 995 volunta
1213 952 1271 997 de
1300 953 1352 996 V.
1386 954 1458 1006 P.;
1485 951 1640 996 niente
1662 951 1708 994 di
1730 966 1891 995 manco

244 1028 398 1086 voglio
421 1028 489 1071 dir
511 1036 557 1074 et
579 1029 826 1085 respondet
849 1018 1054 1082 absente,
1081 1030 1232 1085 quello
1255 1029 1368 1074 diria
1390 1045 1416 1073 a
1439 1031 1496 1074 V.
1525 1031 1577 1073 Ρ.
1611 1029 1648 1073 si
1682 1035 1892 1086 presente

245 1106 374 1159 fussi,
400 1113 445 1151 et
467 1107 492 1150 e
514 1107 600 1151 che
622 1121 671 1150 se
694 1107 751 1149 V.
781 1108 832 1149 P.
859 1105 896 1149 si
919 1105 1234 1151 determinassi
1253 1109 1338 1151 che
1355 1107 1398 1150 io
1420 1107 1604 1151 restassi
1627 1107 1673 1149 in
1696 1108 1892 1151 Germa-

245 1184 336 1238 nia,
361 1183 404 1227 io
427 1183 717 1241 responderei
740 1198 830 1240 que
845 1197 932 1227 con
949 1183 1252 1240 grandissima
1270 1185 1457 1228 volunta
1474 1200 1503 1241 y
1520 1184 1831 1228 consolatione
1848 1185 1892 1227 10

247 1261 359 1306 faria
381 1269 426 1307 et
449 1261 703 1318 acceptaria
726 1276 811 1305 con
835 1261 986 1305 animo
1008 1263 1183 1319 grande
1204 1263 1279 1308 nel
1302 1262 1498 1320 Signore
1527 1262 1585 1307 de
1613 1262 1846 1319 sforcarmi
1869 1277 1895 1306 a

247 1339 415 1393 seruir,
441 1346 549 1392 etc.,
583 1340 759 1384 benehe
788 1354 872 1383 son
901 1340 958 1384 de
986 1339 1140 1384 niente
1170 1340 1401 1395 tribulato,
1433 1355 1526 1384 non
1555 1355 1640 1384 son
1670 1356 1728 1385 ne
1749 1340 1897 1397 parlar

248 1417 403 1462 niente
425 1424 470 1461 et
492 1416 537 1459 di
559 1418 676 1461 mala
698 1423 835 1462 sorte.
864 1418 897 1460 11
920 1416 1091 1473 Signor
1113 1417 1305 1474 guidara
1333 1433 1358 1461 a
1382 1420 1439 1462 V.
1475 1421 1527 1462 P.
1561 1433 1586 1461 a
1614 1418 1765 1474 quello
1797 1420 1897 1462 sara

249 1495 390 1539 maior
416 1494 605 1539 seruitio
635 1494 679 1537 di
709 1509 791 1538 sua
828 1494 984 1537 diuina
1022 1497 1211 1548 Maesta,
1253 1495 1356 1539 cuia
1384 1495 1692 1540 misericordia
1720 1494 1896 1538 infinita

250 1587 427 1629 sempre
449 1571 489 1615 ci
513 1572 706 1616 consorti
728 1572 847 1617 nella
870 1565 953 1615 sua
976 1571 1123 1629 gratia
1146 1579 1191 1616 et
1213 1574 1362 1626 vertsi,
1384 1572 1510 1616 accio
1533 1588 1711 1629 sempre
1733 1586 1896 1629 conos—

248 1650 394 1694 ciamo
417 1656 462 1694 et
484 1649 737 1706 compiamo
761 1664 844 1693 sua
865 1651 1054 1693 volunta
1076 1658 1234 1693 sancta
1262 1657 1308 1695 et
1340 1651 1557 1707 perfecta.
1592 1652 1757 1695 Amen.
1799 1650 1897 1694 Ora

247 1733 335 1784 pro
363 1742 452 1781 ine,
482 1729 641 1771 Pater.
674 1728 829 1770 Saluto
858 1729 908 1770 in
936 1729 1135 1770 Domino
1165 1730 1224 1771 P.
1257 1729 1526 1781 Polancmn,
1560 1730 1618 1772 P.
1660 1729 1894 1780 Olauimn,

254 1808 312 1849 P.
339 1806 611 1858 Madritzun,
634 1809 674 1848 et
696 1806 931 1848 vniversos
953 1806 1226 1848 nominatim
1251 1808 1291 1848 et
1314 1807 1482 1849 Patres
1510 1810 1550 1849 et
1573 1807 1765 1863 fratres,
1799 1810 1892 1848 turn

253 1884 388 1926 etiam
412 1885 675 1942 confratres
697 1897 851 1926 oannes
873 1883 1051 1940 collegii
1069 1884 1350 1940 germanici.

344 1963 414 2005 Da
437 1962 669 2018 Augusta,
697 1974 752 2016 30
774 1960 819 2003 di
844 1962 999 2017 Marco
1023 1971 1149 2016 1555.

702 2040 771 2082 De
795 2040 851 2082 V.
881 2040 928 2081 P.
954 2053 1088 2083 seruo
1110 2039 1296 2082 minimo
1318 2039 1364 2082 in
1393 2042 1507 2096 X.0,

1347 2117 1375 2174 †
1407 2119 1593 2162 NADAL.
1631 2118 1657 2176 †

1512 2195 1540 2253 τ

346 2273 589 2329 Inscriptio
611 2273 661 2315 in
684 2275 838 2314 octava
854 2272 1053 2329 pagina:
1070 2273 1218 2329 Jesvs.
1248 2273 1306 2315 Al
1329 2273 1468 2316 molto
1491 2275 1605 2317 Rdo.
1641 2274 1686 2317 in
1715 2275 1898 2318 Christo

259 2351 405 2394 Padre
428 2349 457 2392 il
482 2352 533 2393 P.
561 2351 621 2393 M.
650 2348 828 2405 Ignatio
849 2349 907 2393 de
931 2350 1116 2405 Loyola‚
1144 2349 1371 2405 preposito
1393 2352 1608 2406 generale
1623 2352 1741 2396 della
1760 2353 1896 2396 Com-

257 2427 425 2484 pagnia
446 2427 490 2470 di
508 2429 659 2484 Jesvs,
685 2426 729 2469 in
754 2428 912 2470 Roma.

345 2506 452 2548 Alia
474 2490 631 2547 inann:
661 2514 786 2558 1555.
814 2504 1044 2560 Augusta.
1073 2505 1157 2548 Del
1184 2507 1232 2548 P.
1258 2506 1418 2549 Nadal,
1442 2519 1497 2561 30
1520 2507 1564 2549 di
1589 2509 1758 2551 Marzo.

357 2583 607 2640 Vestigimn
631 2581 794 2638 sigilli.
824 2586 826 2588 '

329 2753 339 2773 ¹
392 2749 603 2786 Zaccharia
623 2748 790 2785 Delfino.
812 2747 875 2784 Cf.
896 2749 1113 2795 POLANCQ
1137 2750 1301 2793 Clzron.,
1323 2752 1372 2796 V,
1393 2752 1437 2798 37
1456 2758 1495 2788 et
1514 2753 1596 2798 265.
