2038 3313
817 218 860 254 19
887 209 1001 254 JUNn
1030 215 1116 252 1551
1724 216 1789 251 107

234 326 270 357 1.
338 313 502 365 Padre,
536 311 917 355 ordinariamente
943 312 1004 352 ho
1033 309 1202 366 scripto
1230 309 1317 352 alla
1348 311 1400 352 P.
1429 310 1486 352 V.
1520 307 1629 364 ogni
1659 309 1788 351 setti—

137 406 288 443 mana,
315 397 506 446 excepto
528 391 572 433 la
603 388 839 445 prossima,
872 389 957 430 che
986 387 1095 430 dissi
1124 403 1150 430 a
1173 388 1284 430 Μ.Υο
1312 385 1548 430 Anthonio
1577 385 1788 428 scriuessi

139 467 220 521 lui,
247 475 292 511 et
314 468 445 511 laltra
467 470 551 510 che
573 466 949 509 disambarcando
971 464 1017 507 in
1041 465 1249 508 Palermo
1272 478 1352 520 per
1374 463 1531 506 uisitar
1554 462 1584 504 11
1609 462 1786 514 fratelli,

139 545 251 589 dissi
274 561 300 588 a
321 547 426 588 Don
452 545 595 588 Paulo
622 546 631 565 ¹
657 545 743 587 che
765 541 993 596 scriuessi,
1015 549 1060 585 et
1078 541 1309 598 giunsimo
1332 556 1422 597 qua
1438 555 1464 583 a
1481 539 1539 596 vij
1565 539 1610 582 di
1628 548 1790 596 questo

140 637 265 666 mese
287 623 317 665 11
338 622 505 674 vicere,
531 623 684 665 donna
711 621 901 664 Isabella
931 621 963 673 ²,
990 634 1016 663 e
1045 626 1163 662 tutta
1185 620 1228 662 13
1250 625 1391 670 corte,
1424 625 1470 662 et
1499 617 1559 660 mi
1589 617 1790 660 601150131

136 701 469 756 grandemente
492 700 566 742 nel
589 699 785 755 Signore
808 713 895 740 con
917 697 947 739 li
972 696 1150 748 fratelli,
1181 703 1227 739 et
1254 696 1328 738 del
1356 695 1567 752 collegio,
1598 703 1644 737 et
1672 695 1789 737 della

133 791 245 820 casa
265 776 310 819 di
333 777 616 834 probatione,
642 776 852 820 uedendo
873 775 905 817 il
927 776 1046 817 bono
1070 789 1220 817 essere
1242 775 1338 816 loro
1361 774 1412 815 in
1429 777 1618 829 utroque
1641 773 1788 814 homi-

136 868 208 906 ne,
231 855 260 896 l’
287 854 460 907 ordine,
487 862 533 897 et
560 856 652 897 bon
685 868 907 910 gouerno.
941 853 1040 895 Che
1068 851 1113 893 in
1145 858 1264 894 tutto
1285 858 1332 894 et
1361 866 1441 907 per
1464 857 1584 893 tutto
1607 850 1673 892 513
1694 849 1788 891 rinn

136 931 334 988 gratiato
355 932 385 973 il
408 931 620 988 Signore,
646 933 838 975 authore
859 931 901 972 d’
926 929 1035 986 ogni
1059 930 1190 973 bene.
1343 928 1346 930 ’

229 1022 270 1052 2.
336 1010 467 1052 Delle
497 1024 604 1052 cose
632 1016 677 1052 et
704 1008 942 1051 ministerii
971 1007 1018 1050 in
1047 1009 1133 1050 che
1161 1007 1191 1048 il
1221 1006 1419 1062 Signore
1446 1005 1507 1048 mi
1537 1007 1712 1061 occupo
1741 1004 1787 1047 in

134 1088 349 1143 Trapana
370 1087 571 1130 scriuero
594 1088 888 1130 breuemente
911 1086 998 1129 alla
1022 1088 1073 1128 P.
1101 1086 1158 1128 V.
1186 1084 1235 1129 Si
1258 1085 1417 1137 fundo,
1443 1098 1522 1139 per
1544 1082 1692 1139 gratia
1715 1083 1788 1125 del

135 1164 350 1221 Signore,
369 1180 431 1206 vn
454 1164 726 1207 monasterio
744 1164 788 1206 di
811 1163 1066 1206 conuertite
1087 1162 1134 1204 in
1157 1162 1307 1217 quella
1335 1161 1460 1213 citta,
1492 1161 1566 1203 nel
1593 1161 1726 1215 quale
1748 1163 1785 1202 s’

136 1243 197 1285 ha
219 1242 427 1285 ordinato
450 1241 487 1285 si
510 1241 665 1297 possin
686 1241 862 1284 riceuer
884 1242 1036 1283 donne
1063 1254 1193 1283 come
1216 1240 1289 1282 nel
1311 1237 1585 1281 monasterio
1613 1237 1659 1280 di
1681 1253 1788 1281 5311-

136 1326 211 1362 613
234 1322 380 1363 Μ3113
401 1321 434 1373 ³;
455 1326 501 1363 et
524 1319 560 1362 51
579 1334 903 1375 procurarono,
925 1319 1015 1361 ben
1032 1320 1118 1360 che
1135 1332 1222 1360 con
1239 1318 1379 1359 molta
1396 1316 1632 1369 difficulta,
1653 1315 1783 1358 limo-

132 1397 234 1440 sine
264 1412 344 1453 per
372 1397 520 1453 questi
558 1396 765 1452 principii
794 1396 913 1440 assai
950 1397 1085 1447 bone,
1127 1402 1173 1438 et
1200 1394 1247 1436 in
1284 1396 1425 1437 breue
1451 1393 1489 1437 51
1518 1408 1648 1450 spera
1686 1395 1787 1436 5313

135 1475 275 1517 1110110
307 1476 396 1517 ben
433 1475 588 1517 dotato
627 1474 913 1530 aggiutando
942 1474 1036 1517 Sua
1065 1474 1205 1515 Exc.a
1231 1472 1246 1492 4
1277 1487 1365 1514 con
1397 1479 1521 1514 certa
1558 1470 1785 1526 composi—
1850 1515 1853 1518 ,

136 1552 260 1595 110116
281 1553 399 1595 (16113
421 1559 561 1595 corte.
588 1553 635 1594 Io
664 1551 694 1593 li
718 1551 804 1594 feci
831 1551 862 1593 li
891 1551 1077 1606 capituli
1106 1550 1151 1593 di
1181 1557 1301 1592 tutto
1324 1551 1367 1592 10
1395 1549 1554 1592 ordine
1581 1550 1667 1591 che
1694 1550 1785 1591 han

132 1629 180 1671 d'
206 1631 390 1682 hauere,
417 1637 462 1672 et
484 1630 526 1672 13
549 1628 908 1685 congregatione
929 1628 974 1670 di
998 1627 1316 1685 gentilhomini
1340 1629 1425 1670 che
1447 1629 1538 1669 han
1566 1626 1611 1669 di
1634 1634 1784 1669 atten—

132 1707 216 1750 der
253 1708 326 1750 all’
360 1707 517 1750 ordine
546 1707 809 1763 temporale,
842 1713 888 1750 et
916 1721 1054 1762 supra
1084 1705 1190 1748 tutti
1226 1720 1356 1762 parse
1385 1707 1469 1748 6116
1505 1704 1617 1748 fussi
1647 1718 1784 1760 supe—

135 1783 252 1828 riore
276 1785 389 1828 frate
406 1785 580 1842 Jacobo
607 1785 664 1827 de
688 1783 902 1840 Eugubio
933 1786 964 1836 ⁵,
991 1798 1184 1840 persona
1206 1785 1325 1826 bona
1354 1790 1400 1826 et
1421 1782 1467 1824 di
1490 1783 1581 1825 bon
1605 1782 1716 1834 zelo,
1743 1782 1781 1824 al

135 1862 268 1916 quale
290 1861 322 1904 il
345 1862 540 1918 Signore
561 1863 621 1904 ha
643 1862 750 1904 dato
767 1861 813 1903 in
837 1862 988 1917 quella
1006 1868 1126 1904 terra
1148 1862 1287 1904 molto
1311 1862 1461 1903 fructo
1484 1860 1589 1903 nell’
1615 1859 1779 1902 anime.

133 1940 276 1994 Spero
319 1939 349 1981 il
392 1939 589 1996 Signore
631 1940 740 1982 dara
783 1947 1032 1995 augmento
1076 1938 1151 1981 alli
1194 1937 1401 1994 principii
1444 1937 1642 1994 pichioli.
1690 1938 1783 1980 Sua

133 2017 272 2059 Exe.a
300 2018 359 2059 113
381 2018 523 2060 1110110
541 2018 632 2060 bon
650 2016 802 2060 animo
821 2017 863 2058 d'
882 2016 1159 2072 aggiutarlo,
1181 2023 1227 2059 et
1243 2016 1287 2058 13
1305 2016 1401 2059 S.ra
1425 2015 1577 2057 donna
1594 2014 1783 2056 Isabella

131 2094 190 2136 ha
211 2093 400 2150 pigliato
422 2095 465 2137 la
482 2094 736 2151 protection
759 2094 804 2136 di
828 2095 998 2149 quello.

222 2185 262 2226 3.
329 2172 378 2216 Si
403 2173 500 2215 fece
523 2174 669 2216 anche
696 2187 786 2215 vna
814 2171 1035 2228 diligente
1067 2171 1337 2214 executione
1366 2177 1525 2213 contro
1553 2169 1584 2211 li
1613 2168 1783 2225 publici

130 2255 176 2291 et
204 2249 371 2292 notorii
409 2249 735 2302 concubinarii,
769 2257 814 2292 et
851 2248 1116 2304 componuti
1153 2247 1280 2290 molti
1319 2263 1345 2290 3
1376 2248 1472 2290 dar’
1504 2246 1713 2289 limosine
1741 2247 1782 2289 31

131 2326 421 2388 monasterio,
457 2334 503 2369 et
527 2326 735 2370 ordinato
758 2328 842 2370 che
875 2327 917 2369 le
940 2325 1196 2369 concubine
1231 2325 1405 2368 fussino
1437 2324 1676 2382 aggiutate
1708 2325 1781 2367 nel

128 2403 420 2457 monasterio,
445 2403 593 2447 insino
616 2419 642 2447 3
665 2405 782 2447 farse
804 2405 1026 2447 monache
1048 2418 1075 2446 o
1096 2418 1206 2446 vero
1228 2404 1596 2446 accommodarse
1618 2402 1675 2444 ad
1696 2403 1756 2444 ho
1775 2428 1781 2432 ·

130 2487 415 2524 nestamente
438 2481 582 2524 uiuer'
608 2482 726 2524 nella
755 2481 879 2525 61113.

220 2571 262 2611 4.
330 2559 375 2602 S'
396 2559 589 2601 accordo
612 2560 759 2602 anche
782 2560 866 2602 che
889 2559 926 2602 si
949 2558 1112 2602 facessi
1135 2573 1226 2602 una
1248 2557 1573 2601 confraternita
1597 2557 1653 2600 de
1676 2572 1779 2613 per—

131 2649 242 2677 sone
269 2635 531 2691 principale,
574 2643 619 2678 et
647 2638 732 2679 che
760 2636 798 2678 51
827 2636 997 2692 potessi
1034 2636 1204 2690 intrare
1242 2634 1546 2692 qualsiuoglia
1573 2633 1725 2690 dapoi,
1767 2633 1780 2675 i

200 2789 209 2807 ¹
261 2787 305 2821 P.
325 2787 470 2821 Paulus
487 2786 526 2821 d'
544 2786 722 2821 Achillis.

197 2848 210 2867 ²
262 2846 444 2892 Proregis
461 2846 554 2881 filia.

197 2907 211 2926 ³
262 2906 326 2941 Sc.
347 2906 485 2941 doinus
503 2918 780 2942 conversarum
799 2919 821 2941 a
839 2906 880 2941 S.
903 2906 1056 2952 Ignatio
1074 2907 1222 2941 Romae
1240 2906 1433 2942 instituta.

202 2967 217 2987 4
266 2966 426 3001 ProreX.

198 3027 214 3047 ⁵
263 3026 487 3072 Religiosus
505 3026 555 3064 O.
577 3028 617 3062 S.
638 3028 681 3063 F.
