2038 3313
231 166 274 201 16
824 166 990 201 CHRON.
1019 166 1062 200 P.
1092 166 1281 202 NATALIS

229 275 276 311 vt
304 268 565 311 cubiculum
603 269 890 311 commodum
921 283 1024 311 cum
1054 283 1245 312 amoeno
1274 271 1406 311 horto
1435 276 1742 325 quaereretur.
1772 271 1875 312 Non

227 361 351 389 eram
380 346 467 389 iarn
497 345 674 402 patiens
702 360 876 389 morae:
904 354 1114 388 orauerat
1142 348 1265 388 haud
1293 345 1431 389 dubie
1459 346 1662 389 studiose
1692 361 1772 402 pro
1803 361 1876 390 me

228 426 280 467 Ρ.
308 424 530 489 Ignatius,
556 431 601 466 et
626 431 748 466 totus
771 424 903 479 plane
926 423 1035 465 mihi
1058 423 1352 479 displicebam
1375 424 1432 466 de
1454 423 1564 475 vita,
1585 439 1720 480 quam
1744 424 1872 468 viue—

225 504 329 545 bam
352 501 406 544 iis
429 501 605 544 diebus.
627 500 733 543 Dixi
756 500 910 555 itaque
933 500 1123 544 Sentino
1147 501 1326 555 placere
1348 500 1457 542 mihi
1482 500 1744 544 cubiculum
1762 516 1873 544 con-

226 579 406 636 tiguum
430 577 785 630 catechumenis,
813 578 935 633 quod
958 577 1054 634 ipse
1083 578 1330 621 reiiciebat.

314 670 387 711 43.
454 657 610 711 Quum
634 662 754 699 esset
776 656 864 698 iam
888 658 1186 698 constitutum
1212 662 1260 696 vt
1282 655 1541 698 secederem
1560 656 1617 698 ad
1640 655 1871 708 exercitia,

223 734 414 777 verebar
436 732 706 785 auditorem,
733 733 1054 775 maioricenses
1077 732 1201 784 item,
1228 731 1305 788 qui
1328 739 1458 775 erant
1487 732 1532 774 in
1561 732 1659 775 eius
1689 732 1871 776 familia:

223 809 639 853 commodissimum
662 810 919 853 existimaui
941 810 978 852 si
1001 809 1071 852 his
1094 809 1290 853 dicerem
1314 824 1386 852 me
1415 809 1646 866 suscipere
1669 810 1874 867 peregri-

223 888 468 940 nationem,
495 887 753 931 deuotionis
776 888 938 944 gratia.
967 886 1179 930 Auditori
1203 902 1362 930 verum
1391 887 1548 943 aperui
1577 888 1694 930 velle
1722 902 1794 931 me
1818 890 1875 931 ad

224 977 277 1020 25
302 967 375 1009 vel
400 979 455 1020 30
477 965 573 1008 dies
596 966 824 1018 secedere,
845 972 894 1007 vt
916 964 1145 1020 experirer
1162 965 1380 1019 quasdam
1400 964 1734 1018 meditationes,
1761 980 1877 1021 quas

223 1044 430 1087 solebant
455 1046 505 1086 P.
535 1042 740 1099 Ignatius
763 1049 808 1085 et
830 1042 900 1084 sui
923 1041 1276 1084 communicare:
1304 1042 1395 1085 duo
1418 1057 1534 1095 esse,
1568 1057 1684 1098 quae
1706 1058 1778 1086 me
1800 1042 1871 1085 in-

224 1122 450 1164 duxerant
479 1130 528 1163 vt
558 1123 745 1163 Romam
781 1119 1005 1171 venirem,
1038 1120 1230 1162 alterum
1259 1127 1308 1161 vt
1337 1119 1567 1175 spiritum,
1600 1122 1792 1163 alterum
1823 1129 1873 1163 vt

222 1198 373 1242 studia
399 1198 632 1241 literarum
662 1198 931 1250 excolerem,
957 1211 1050 1239 non
1079 1211 1179 1240 esse
1208 1197 1357 1240 adhuc
1388 1205 1592 1253 apertum
1628 1198 1869 1241 concilium

225 1276 538 1327 tridentinum,
570 1274 986 1318 commodissimum
1010 1289 1126 1326 esse,
1159 1282 1403 1329 antequam
1427 1274 1669 1330 aperiatur,
1700 1282 1745 1318 et
1783 1290 1874 1332 ego

223 1353 307 1396 sim
330 1353 438 1395 illuc
461 1354 747 1408 profecturus
775 1353 802 1403 ¹,
823 1358 873 1393 vt
890 1358 1088 1394 mentem
1106 1351 1417 1407 spiritualibus
1435 1351 1804 1395 meditationibus
1827 1360 1872 1396 et

222 1430 385 1473 studiis
407 1444 689 1481 exornarem,
717 1444 808 1471 non
831 1428 1023 1484 amplius
1041 1443 1113 1471 me
1136 1443 1270 1485 quam
1289 1429 1345 1471 ad
1370 1441 1423 1484 25
1447 1430 1521 1472 vel
1540 1443 1595 1484 30
1618 1429 1714 1472 dies
1737 1431 1870 1473 abfu—

223 1516 391 1550 turum.
419 1509 523 1550 Non
547 1506 820 1549 contradixit
844 1507 1014 1562 probus
1038 1506 1233 1558 auditor,
1262 1508 1383 1562 quod
1406 1521 1494 1563 ego
1517 1522 1609 1549 non
1631 1507 1870 1550 mediocri-

222 1593 290 1629 ter
314 1585 566 1627 timueram.
593 1586 741 1627 Datus
764 1591 833 1626 est
855 1583 965 1625 mihi
988 1582 1235 1626 instructor
1264 1585 1317 1626 P.
1344 1586 1652 1636 Domenecus,
1689 1584 1765 1639 qui
1789 1599 1869 1626 va—

221 1663 305 1705 luit
328 1677 505 1718 semper
534 1660 757 1704 industria
784 1662 841 1704 ad
870 1660 1084 1704 exercitia
1112 1661 1504 1704 communicanda.
1539 1672 1561 1716 5
1596 1661 1870 1705 Nouembris

221 1740 404 1793 secessi,
431 1739 536 1782 anni
567 1750 693 1793 1545.

310 1830 382 1871 44.
450 1819 578 1859 Bono
601 1816 783 1871 quidem
807 1831 928 1859 eram
952 1815 1118 1869 animo,
1144 1815 1310 1858 afflicto
1335 1823 1486 1859 tamen
1508 1831 1563 1859 ex
1586 1816 1764 1858 infirma
1786 1831 1867 1859 νει--

220 1895 423 1938 letudine
452 1902 497 1937 et
525 1893 840 1936 melancholia.
875 1895 1019 1935 Totus
1048 1892 1175 1935 initio
1204 1908 1326 1936 eram
1355 1908 1574 1936 accensus
1601 1900 1651 1935 vt
1678 1892 1866 1948 aliquid,

219 1980 346 2015 extra
368 1972 589 2023 ordinem,
616 1970 818 2022 visionis,
845 1978 924 2013 aut
947 1970 1253 2022 reuelationis,
1280 1979 1359 2013 aut
1387 1970 1523 2026 signi,
1550 1970 1658 2012 mihi
1687 1969 1867 2013 contin—

220 2056 349 2105 geret
378 2050 410 2091 ‘·'.
446 2048 615 2091 Attulit
644 2048 751 2090 mihi
787 2049 985 2090 fructum
1014 2048 1157 2103 prima
1186 2048 1450 2090 hebdomas:
1490 2063 1590 2090 sum
1629 2048 1870 2090 confessus.

220 2126 493 2182 generaliter
519 2128 570 2168 P.
594 2125 787 2181 Ignatio.

294 2338 300 2356 ¹
356 2334 455 2368 Vide
475 2346 605 2380 supra,
626 2347 664 2369 n.
685 2334 744 2379 34,
766 2339 899 2368 annot.
924 2343 955 2377 13
978 2339 1017 2368 et
1036 2335 1234 2379 J1MENEZ,
1257 2333 1492 2377 Comment„
1515 2346 1553 2368 n.
1578 2333 1634 2379 13,
1655 2333 1721 2368 ubi
1740 2333 1865 2368 Nadal

217 2406 239 2428 a
258 2395 382 2428 Puteo
402 2393 589 2428 invitatus
609 2394 732 2428 fuisse
751 2393 909 2438 dicitur,
925 2399 966 2428 ut
982 2405 1023 2427 se
1039 2393 1087 2427 ad
1105 2393 1312 2428 concilium
1329 2393 1583 2428 tridentinum
1598 2393 1862 2428 comitaretur.

289 2458 302 2475 ²
353 2455 410 2488 Ex
426 2453 500 2498 his,
520 2466 618 2500 quae
638 2454 686 2488 de
703 2454 833 2500 seipso
848 2453 910 2488 hic
926 2452 1062 2488 scribit
1078 2453 1216 2495 Nadal,
1231 2453 1346 2488 facile
1362 2453 1605 2495 emendabis,
1621 2465 1720 2500 quae
1736 2453 1863 2488 minus

216 2520 397 2548 accurate
417 2513 464 2547 de
484 2524 529 2548 eo
549 2513 704 2560 scripsit
723 2515 926 2559 BARTOLI,
952 2514 1043 2548 Vita
1061 2514 1104 2548 di
1125 2514 1163 2548 S.
1186 2513 1367 2560 Iguazio,
1386 2514 1453 2548 lib.
1474 2514 1530 2555 II,
1556 2526 1597 2548 n.
1618 2524 1658 2557 4:
1686 2512 1864 2558 «Lunghi

218 2586 237 2609 e
264 2573 536 2608 ostinatissimi
567 2572 706 2607 furono
730 2572 949 2608 icontrasti
972 2574 1034 2608 ch’
1062 2572 1140 2618 egli
1166 2574 1267 2607 ebbe
1292 2584 1364 2607 con
1390 2574 1431 2608 se
1457 2573 1687 2618 medesimo,
1712 2578 1870 2608 entrato

215 2646 290 2680 que
309 2633 350 2668 fu
369 2633 475 2678 negli
494 2633 681 2679 Esercizj3
704 2633 909 2679 percioche
930 2632 968 2667 vi
988 2632 1019 2667 si
1035 2643 1127 2679 pose
1147 2644 1243 2679 poco
1262 2645 1377 2668 meno
1395 2634 1467 2668 che
1487 2633 1649 2668 risoluto
1673 2633 1712 2667 di
1738 2643 1813 2667 non
1833 2633 1866 2668 si

215 2693 380 2728 rendere
400 2705 467 2739 per
486 2693 745 2739 qualsivoglia
769 2693 963 2727 ordinaria
987 2693 1179 2728 chiamata
1204 2695 1276 2728 che
1300 2693 1483 2737 sentisse3
1510 2692 1632 2728 fermo
1660 2694 1744 2739 pur'
1771 2703 1867 2727 anco

216 2766 261 2789 su
280 2755 306 2788 l'
327 2753 455 2788 antico
481 2753 792 2799 proponimento,
812 2764 834 2786 o
853 2753 918 2799 piu
944 2758 1045 2788 tosto
1068 2753 1274 2799 capriccio,
1300 2753 1339 2787 di
1364 2755 1521 2788 volerne
1541 2752 1760 2788 indubitata
1784 2764 1865 2787 cer-

215 2820 339 2858 tezza,
358 2824 432 2847 con
458 2814 621 2858 qualche
654 2812 842 2847 sensibile
874 2813 1011 2847 avviso
1029 2813 1068 2847 di
1100 2825 1251 2859 sopra.»
1273 2813 1389 2859 Quod
1409 2825 1502 2848 vero
1533 2812 1680 2848 Bartoli
1709 2812 1865 2858 scripsit

208 2876 306 2919 poco
325 2884 439 2907 meno
458 2873 522 2906 che.
542 2872 711 2906 risolnto
729 2873 772 2907 di
792 2884 870 2907 non
887 2873 923 2907 si
941 2874 1123 2914 rendere,
1144 2873 1187 2907 P.
1205 2873 1513 2918 MICHE1.(Hzfst.
1530 2874 1577 2907 de
1595 2873 1633 2907 S.
1650 2872 1759 2919 Igu„
1780 2874 1807 2905 t.
1829 2872 1861 2913 I,

210 2936 252 2979 p.
274 2932 370 2977 149)
395 2933 466 2968 hoe
490 2937 605 2977 pacto
634 2931 775 2976 gallice
797 2932 928 2967 vertit:
958 2931 1006 2967 «il
1039 2934 1095 2968 les
1121 2932 1226 2967 avait
1255 2935 1504 2967 commences
1533 2933 1607 2976 (les
1637 2932 1863 2974 Exercices)

212 3004 306 3027 avec
326 2993 367 3026 la
378 2992 514 3038 ferme
535 2992 754 3025 resolution
773 2993 818 3026 de
847 3004 892 3026 ne
916 3004 954 3026 se
975 2994 1119 3027 rendre
1139 2992 1159 3026 a
1180 3004 1304 3027 aucun
1327 2997 1579 3027 mouvement
1598 2991 1801 3037 inte'rieur,
1821 2997 1861 3026 et
