2038 3313
468 685 636 731 PRIMI
669 683 1013 728 VOLUMINIS
1048 683 1424 730 PROOEMIUM

842 861 1052 872 ἡ

217 1113 265 1154 In
288 1113 375 1153 hoc
398 1109 540 1166 primo
564 1106 795 1152 volumine
823 1107 1115 1164 epistolarum
1148 1110 1199 1150 P.
1234 1107 1395 1159 Nadal,
1430 1106 1528 1162 ejus
1557 1113 1687 1162 gesta
1714 1105 1771 1149 ab

126 1189 253 1232 initio
277 1203 386 1232 suae
408 1186 658 1231 vocationis
682 1201 827 1241 usque
850 1187 905 1230 ad
929 1184 1149 1242 principia
1172 1186 1400 1228 secundae
1423 1183 1564 1240 ipsius
1593 1183 1771 1227 missio-

128 1267 197 1311 nis
229 1266 276 1309 in
305 1264 596 1310 Germaniam
627 1263 934 1321 (1535-1562),
966 1263 1186 1308 ditissima
1214 1269 1612 1306 monumentorum
1642 1261 1774 1318 copia

128 1345 426 1388 illustrantur.

218 1424 275 1465 Et
296 1422 441 1479 primo
464 1422 664 1477 quidem,
692 1421 949 1463 Clm‘om'con
971 1420 1224 1463 vocationis
1247 1419 1404 1475 ipsius,
1430 1421 1653 1462 hactenus
1676 1418 1775 1461 ine-

128 1501 272 1544 ditum
295 1500 581 1557 proferimus,
609 1500 731 1555 quod
754 1498 1047 1555 quantumvis
1071 1513 1162 1541 non
1184 1497 1403 1554 scriptum
1427 1497 1563 1540 fuerit
1593 1497 1648 1539 ab
1678 1496 1775 1553 ipso

129 1586 234 1622 ante
256 1593 425 1621 annum
450 1579 576 1632 1565,
604 1584 653 1620 ut
676 1577 816 1632 liquet
833 1592 888 1619 ex
911 1577 1009 1633 ipso
1036 1577 1271 1629 Chronico,
1296 1591 1341 1618 n.
1369 1590 1425 1633 oo
1453 1577 1480 1628 ¹3
1509 1581 1660 1618 tamen
1684 1574 1775 1630 pri—

130 1671 203 1699 mo
241 1657 340 1699 loco
372 1657 681 1712 reponendum
720 1656 1013 1711 postulabant
1042 1669 1110 1707 ea,
1147 1668 1264 1710 quae
1292 1652 1458 1696 ibidem
1489 1659 1774 1704 enarrantur,

132 1742 334 1791 tempore
363 1741 485 1777 certe
512 1733 662 1790 priora
689 1732 758 1785 iis,
794 1747 910 1788 quae
938 1732 983 1775 in
1013 1731 1213 1788 epistolis
1243 1731 1550 1774 continentur.
1589 1730 1778 1773 Plurimi

133 1813 334 1869 profecto
357 1811 687 1855 aestimandum
716 1817 784 1853 est
812 1813 899 1853 hoc
927 1811 1270 1862 documentum,
1304 1824 1395 1851 non
1425 1809 1571 1852 solum
1601 1809 1658 1851 ad
1690 1811 1779 1852 Pa-

132 1890 211 1933 tris
233 1890 379 1933 Nadal
401 1889 556 1941 vitam,
583 1889 663 1932 sed
686 1889 820 1932 etiam
843 1889 900 1930 ad
923 1889 970 1932 S.
998 1887 1162 1944 Ignatii
1186 1894 1287 1930 acta
1308 1887 1486 1943 plenius
1509 1893 1554 1929 et
1577 1886 1780 1928 intimius

131 1967 459 2024 dignoscenda.
489 1967 627 2010 Plura
648 1965 815 2009 etenim
834 1966 894 2008 ibi
912 1964 1121 2007 minutim
1140 1965 1472 2021 consignantur
1490 1979 1515 2007 a
1534 1971 1649 2007 teste
1666 1978 1779 2007 ocu-

131 2045 238 2098 lato,
265 2059 380 2100 quae
402 2043 609 2100 nuspiam
633 2043 741 2086 alias
765 2043 959 2099 reperire
982 2044 1049 2085 fas
1072 2049 1157 2095 est,
1188 2042 1275 2085 nisi
1299 2043 1414 2085 forte
1437 2041 1483 2083 in
1506 2041 1779 2097 quibusdam

133 2122 410 2175 auctoribus,
441 2122 518 2177 qui
550 2129 709 2178 postea
741 2136 796 2164 ex
834 2120 991 2163 rivulis
1030 2121 1132 2177 plus
1170 2120 1379 2163 minusve
1416 2119 1610 2162 turbidis
1642 2119 1780 2175 hujus

135 2200 272 2243 fontis
295 2199 551 2243 successive
573 2201 686 2243 haec
710 2199 806 2255 ipsa
829 2200 1223 2254 deprompserunt.

224 2277 439 2332 Sequitur
464 2278 852 2319 Commentarizmz
877 2276 934 2318 de
956 2276 1050 2318 vita
1072 2275 1213 2332 ipsius
1245 2278 1296 2318 P.
1331 2275 1476 2319 Nadal
1504 2290 1529 2318 a
1560 2277 1612 2317 P.
1639 2274 1780 2332 Jime—

135 2369 218 2398 nez
240 2355 551 2408 lucubratum3
580 2355 700 2409 quod
724 2354 906 2409 quidem
930 2353 1147 2409 scriptum
1171 2353 1257 2395 fuit
1280 2360 1384 2409 post
1411 2359 1602 2395 mortem
1635 2351 1782 2395 Patris

137 2433 302 2486 Nada13
330 2433 410 2475 sed
427 2433 679 2475 secundum
698 2447 722 2474 a
745 2432 969 2474 Chronico
989 2430 1029 2474 ei
1047 2432 1197 2474 locum
1216 2430 1567 2487 assignavimus,
1589 2445 1642 2472 eo
1661 2430 1782 2485 quod

137 2511 309 2562 eadem,
336 2511 495 2553 saltem
518 2510 562 2552 in
587 2510 733 2566 priore
756 2509 896 2565 ipsius
920 2516 1062 2565 parte,
1089 2516 1409 2561 recensentur3
1438 2515 1579 2563 utque
1610 2507 1783 2550 facilius

136 2587 330 2631 conferri
352 2588 548 2640 valeant,
582 2602 697 2643 quae
720 2588 765 2630 in
794 2594 987 2643 utroque
1010 2588 1284 2629 documento
1314 2586 1623 2629 continentur.
1658 2587 1778 2628 Hae⁰

138 2665 378 2708 reticorum
402 2665 446 2707 in
470 2666 618 2709 Gallia
641 2673 798 2708 contra
820 2664 1067 2707 catholicos
1090 2671 1134 2706 et
1157 2664 1393 2720 religiosos
1413 2663 1600 2705 insidiae
1617 2670 1662 2706 et
1680 2677 1783 2719 per—

138 2742 409 2795 secutiones,
450 2750 495 2785 et
535 2742 681 2786 Patris
718 2743 865 2786 Nadal
903 2741 1071 2784 invicta
1105 2740 1322 2783 fortitudo
1355 2740 1472 2783 inter
1505 2739 1784 2782 imminentia

137 2819 292 2862 mortis
316 2819 513 2876 pericula
536 2835 653 2863 nova
676 2820 717 2862 in
744 2822 829 2862 hoc
855 2819 1192 2862 Commentario
1214 2819 1316 2862 luce
1334 2819 1605 2861 clarescunt.
1629 2817 1642 2859 ί
1651 2828 1697 2873 15
1705 2831 1728 2873 3
1735 2828 1779 2873 5<

148 2897 288 2953 1562)

221 3066 227 3084 ¹
281 3065 379 3099 Vide
400 3065 512 3111 infra,
533 3077 620 3112 pag.
642 3075 699 3110 25⁴
