2038 3313
861 211 1064 257 1538-1545
1762 222 1784 257 9

133 316 354 368 audirem,
381 323 650 367 commotus,
671 314 875 357 studiose
897 314 971 370 egi
994 329 1099 357 cum
1124 313 1328 365 Palouio,
1358 320 1404 355 vt
1427 327 1633 355 curarem
1663 313 1781 355 illam

133 408 264 437 orare
286 408 367 450 pro
390 408 477 446 ms,
505 394 627 448 quod
649 391 929 436 renuntiauit
952 391 1073 434 illam
1095 398 1141 434 et
1163 391 1464 447 spopondisse
1487 397 1531 432 et
1564 390 1724 432 fecisse
1751 392 1779 432 ¹.

226 472 297 514 26.
364 472 466 514 Non
486 471 624 526 longe
646 475 749 525 'post
770 471 803 520 ⁶²,
831 468 1008 511 transiit
1031 469 1088 511 ad
1116 468 1347 511 meliorem
1370 467 1510 510 vitam
1534 466 1665 522 virgo
1691 466 1784 508 Eli—

134 549 311 591 sabeth.
342 550 543 592 Vocatus
568 548 632 589 fui
654 562 759 590 cum
784 560 807 601 3
833 546 1077 602 theologis,
1103 545 1180 601 qui
1205 545 1303 588 eius
1327 546 1560 596 feretrum,
1590 557 1613 586 2
1638 543 1785 586 antei—

136 639 302 677 remus,
331 638 355 668 2
395 639 703 680 sequeremur,
736 625 857 679 quod
887 638 975 680 ego
1004 630 1049 666 et
1078 623 1272 666 libenter
1301 621 1403 674 feci,
1431 629 1477 665 et
1506 636 1586 677 pro
1616 636 1784 677 magno

136 702 346 745 beneficii
367 703 474 757 (sic)
496 701 691 757 reposui.

228 792 297 834 27.
366 780 538 823 Audiui
568 779 849 829 concionem,
877 793 1011 834 quam
1046 780 1102 821 de
1132 778 1252 820 illius
1286 778 1380 820 vita
1417 785 1462 820 et
1490 776 1603 819 actis
1625 775 1786 818 habuit

139 857 372 900 Palouius:
400 857 461 899 ibi
485 872 593 899 vero
612 855 826 899 maiorem
845 855 965 898 sensi
984 855 1121 897 animi
1140 862 1185 898 et
1204 857 1218 876 ⁵
1238 854 1547 905 deuotionem,
1569 860 1784 908 quantam

137 949 333 989 vnquam
358 941 507 977 antea:
535 941 658 977 totus
682 933 744 974 fui
771 934 947 975 solutus
970 932 1016 974 in
1048 933 1288 987 lacrymas,
1316 939 1364 974 vt
1389 931 1620 974 Torroella
1649 931 1680 982 ⁴,
1708 929 1785 985 qui

137 1025 226 1054 non
249 1012 386 1066 longe
409 1026 434 1053 a
457 1025 529 1053 me
556 1012 728 1062 aberat,
755 1010 1155 1053 animaduerteret.
1190 1010 1345 1052 Redeo
1369 1010 1555 1051 domum
1581 1009 1675 1050 fere
1697 1006 1785 1049 alio

134 1087 301 1130 animo:
344 1095 567 1143 concepta
605 1087 680 1129 illa
708 1086 893 1130 deuotio
923 1102 1016 1129 non
1045 1086 1236 1142 quieuit:
1271 1086 1393 1129 volui
1419 1086 1584 1128 librum
1614 1086 1786 1140 legere,

136 1165 214 1221 qui
243 1174 339 1208 erat
370 1164 671 1220 conscriptus,
706 1166 762 1207 de
792 1164 905 1206 actis
935 1167 987 1207 Β.
1022 1164 1338 1207 Elizabethae:
1372 1164 1497 1206 illum
1527 1162 1788 1205 auidissime

133 1250 182 1286 et
203 1257 308 1285 curn
331 1257 423 1284 non
439 1241 619 1297 vulgari
639 1243 790 1284 fructu
808 1242 900 1298 legi
923 1257 1014 1284 non
1038 1242 1193 1284 semel:
1215 1241 1320 1285 inde
1337 1241 1459 1284 sensi
1476 1240 1624 1283 varias
1648 1239 1785 1282 animi

136 1319 359 1363 motiones
382 1320 438 1362 ad
462 1320 476 1340 ⁵
501 1319 730 1375 pietatem.
760 1319 980 1371 Primum,
1007 1326 1103 1362 erat
1126 1318 1235 1361 mihi
1253 1326 1435 1375 gratum
1453 1332 1590 1373 quam
1612 1317 1784 1373 saepis-

133 1397 246 1441 sime
269 1397 393 1440 cordi
416 1397 880 1453 imprimeresignum
899 1397 1048 1439 crucis
1066 1400 1079 1418 ‘⁵
1101 1411 1204 1439 cum
1222 1396 1512 1439 inuocatione
1535 1394 1730 1438 nominis
1751 1397 1781 1446 ⁷,

133 1476 251 1528 Iesu3
279 1474 388 1518 alias
411 1474 603 1518 recitare
631 1489 801 1530 magna
829 1474 1121 1517 multitudine
1144 1477 1158 1494 ⁸
1190 1473 1525 1524 salutationem,
1563 1480 1657 1515 tum
1682 1486 1784 1514 ora-

134 1552 302 1596 tionem
325 1552 613 1595 dominicam:
640 1552 752 1594 illud
774 1559 1009 1608 praeterea
1029 1552 1155 1594 venit
1178 1551 1224 1593 in
1254 1558 1469 1604 mentem,
1501 1557 1551 1592 vt
1573 1549 1785 1592 institue—

135 1643 228 1672 rem
252 1630 512 1686 generalem
537 1629 870 1672 confessionem
893 1631 907 1651 ⁹
934 1629 1073 1672 totius
1095 1629 1230 1672 vitae:
1252 1631 1370 1671 hanc
1395 1628 1480 1671 feci
1498 1643 1633 1683 quam
1656 1626 1782 1683 potui

134 1707 329 1749 maxima
357 1707 594 1763 diligentia
618 1706 783 1758 triduo,
816 1721 956 1762 quum
985 1706 1106 1749 illam
1140 1721 1370 1762 parassem
1403 1706 1575 1761 aliquot
1603 1705 1779 1747 diebus:

135 1784 256 1826 sensi
285 1799 340 1827 ex
369 1784 444 1827 illa
477 1784 679 1840 generali
710 1784 998 1827 confessione
1025 1800 1238 1841 magnam
1268 1784 1405 1827 animi
1434 1783 1780 1834 iucunditatem,

133 1861 363 1905 combussi
393 1861 610 1913 libellum,
644 1877 699 1905 ex
739 1876 829 1916 quo
858 1877 980 1904 eram
1012 1863 1265 1914 confessus,
1308 1862 1354 1904 in
1383 1861 1532 1904 medio
1565 1859 1780 1912 cubiculi,

131 1952 302 1981 canens
325 1938 553 1981 canticum
578 1939 732 1982 Mosis:
764 1940 1010 1981 Cantemus
1040 1940 1254 1981 Domino.
1282 1939 1461 1982 Deinde
1489 1938 1637 1981 leuius
1666 1952 1783 1980 non-

205 2083 215 2102 ¹
268 2082 484 2128 «Ayudaba
501 2082 736 2126 (Elisabeth)
760 2085 780 2117 a
812 2082 924 2117 todos
939 2094 1013 2117 con
1031 2083 1248 2128 oraciones,
1268 2095 1342 2117 con
1361 2082 1543 2127 lagrimas
1562 2094 1587 2128 y
1606 2081 1783 2128 peniten<

125 2140 222 2180 cias;
242 2154 268 2187 y
286 2154 396 2177 como
416 2143 522 2177 tenia
536 2148 643 2177 tanto
663 2144 825 2177 nombre
845 2154 893 2177 en
912 2144 948 2177 la
966 2142 1108 2177 ciudad
1133 2155 1177 2177 su
1192 2142 1350 2177 caridad
1375 2142 1592 2189 espiritual,
1618 2141 1783 2176 acudian

132 2202 290 2236 muchos
309 2205 331 2237 a
349 2202 487 2249 pidirle
505 2215 580 2249 que
606 2204 663 2237 les
683 2202 991 2237 encomendasse
1009 2205 1031 2237 a
1050 2203 1185 2237 Dios.»
1206 2203 1318 2248 MUT‚
1339 2204 1412 2237 loc.
1430 2203 1513 2246 cit„
1534 2213 1623 2248 pag.
1651 2201 1709 2246 56.

201 2263 215 2282 '²
268 2261 442 2307 Scilicet,
479 2274 613 2297 mense
646 2262 752 2308 Maji,
785 2274 886 2297 anno
921 2271 1026 2308 1542,
1058 2268 1100 2297 ut
1130 2268 1285 2297 constat
1315 2275 1363 2297 ex
1388 2263 1447 2298 his
1480 2262 1612 2297 verbis
1637 2261 1783 2296 laudati

126 2321 311 2356 auctoris:
334 2323 390 2356 «Y
409 2321 599 2357 abrazada
617 2333 690 2356 con
705 2323 818 2368 aquel
839 2323 959 2357 Santo
979 2323 1175 2357 Crucifixo
1193 2335 1268 2368 que
1289 2328 1416 2357 tantas
1436 2334 1553 2357 uezes
1579 2322 1665 2356 auia
1680 2321 1782 2355 uisto

130 2380 248 2415 sudar
265 2393 421 2428 sangre,
438 2384 473 2417 le
491 2383 555 2418 dio
575 2396 620 2418 su
638 2383 799 2418 dichoso
823 2385 987 2430 espiritu
1006 2395 1075 2429 por
1094 2384 1208 2429 Mayo
1229 2383 1277 2417 de
1300 2392 1428 2427 1542.»
1463 2384 1574 2427 MUT,
1603 2384 1675 2417 loc.
1698 2381 1781 2427 cit.,

134 2451 222 2486 pag.
248 2450 326 2486 127.

202 2501 215 2520 ³
267 2501 345 2544 Sic3
368 2513 504 2535 verum
524 2503 720 2548 superflua
738 2504 835 2537 haec
855 2503 1049 2549 particula,
1064 2514 1152 2537 esse
1173 2502 1345 2537 videtur.

198 2561 212 2580 4
263 2560 459 2595 Antonius
478 2561 690 2603 Torroella,
711 2563 938 2606 canonicus,
959 2562 1007 2596 de
1027 2574 1103 2608 quo
1130 2574 1259 2608 supra,
1281 2575 1318 2597 n.
1344 2570 1399 2606 17.

202 2620 216 2640 ὅ
267 2620 357 2663 Μ5.,
377 2633 436 2655 ex.

200 2681 214 2700 ⁶
264 2680 402 2715 Totius
419 2680 523 2715 vitae
543 2693 660 2716 cursu
679 2682 854 2717 servavit
879 2683 922 2716 P.
945 2682 1067 2716 Nada]
1088 2683 1189 2716 hanc
1215 2694 1307 2727 erga
1332 2682 1487 2727 signum
1513 2682 1640 2718 crucis
1664 2682 1781 2716 devo*

127 2738 290 2783 tionem,
312 2745 353 2774 ut
379 2741 513 2775 videre
533 2746 593 2776 est
612 2741 652 2776 in
671 2742 789 2776 variis
808 2742 1026 2785 codicibus,
1052 2742 1118 2788 qui
1137 2743 1186 2776 ab
1205 2743 1291 2788 ipso
1317 2742 1466 2776 exarati
1490 2742 1663 2785 fuerunt,
1689 2753 1781 2788 quo-

128 2809 211 2833 rum
231 2799 409 2844 singulae
429 2802 607 2846 pagellae
626 2813 741 2836 cruce
762 2802 940 2847 signatae
961 2802 1158 2836 videntur.

201 2861 212 2879 ⁷
266 2860 354 2904 Ms.,
375 2862 552 2895 nomine.

200 2919 214 2939 ⁸
263 2919 376 2954 Prius
395 2920 606 2966 scripserat
625 2921 748 2956 Nadal
768 2934 963 2969 magnam
990 2922 1316 2964 multitudinem·
1335 2928 1471 2967 postea
1499 2921 1648 2957 delevit
1679 2921 1782 2957 litte-

132 2987 211 3010 ram
231 2990 269 3012 m
289 2978 329 3012 in
348 2984 513 3026 utroque
533 2982 740 3015 vocabulo.

204 3039 217 3056 '³
267 3037 355 3081 Ms.,
382 3039 655 3085 confessionis.
