2038 3313
185 244 208 277 o
781 241 946 278 CHRON.
975 242 1018 276 P.
1047 241 1234 277 NATALIS

189 345 359 388 factum
382 345 743 400 misanthropum
771 346 800 398 ¹,
827 358 1004 400 semper
1025 343 1142 388 inter
1164 344 1363 388 medicos
1387 344 1434 386 in
1451 343 1701 395 medicinis,
1721 342 1830 385 mihi

188 423 320 477 plane
349 436 471 465 eram
500 421 679 477 metipsi
707 428 799 464 tam
829 420 999 477 grauis.
1033 423 1309 475 Moerebam,
1342 422 1463 476 quod
1493 435 1584 463 non
1612 421 1831 463 succede—

189 506 290 542 rent
312 498 421 542 mihi
444 499 702 550 conciones,
729 513 869 554 quum
892 498 966 541 alii
989 506 1141 541 essent
1158 499 1359 542 celebres
1381 496 1767 556 [concionatores].

284 577 349 619 18.
420 575 556 619 Volui
579 576 813 631 disputare
836 576 1031 631 publice,
1058 576 1138 618 sed
1160 575 1266 618 inde
1289 575 1423 618 etiam
1447 574 1580 618 retuli
1609 573 1832 617 acerbita-

998 653 1012 672 Εὶ

192 663 282 697 tem
305 668 361 696 ex
384 652 693 709 disputatione
715 652 904 696 Ledonii
927 651 975 712 [?]
1023 687 1030 694 .
1058 654 1385 708 Interpretatus
1407 667 1507 694 sum
1536 658 1709 707 partem
1737 650 1835 707 epi—

192 732 334 774 stolae
350 731 410 773 ad
428 745 643 772 romanos
661 731 693 783 ³,
714 730 794 773 sed
812 731 868 772 ad
885 729 949 772 rei
967 729 1231 781 nouitatem,
1245 728 1373 771 initio
1389 729 1518 771 multi
1536 727 1834 780 conueniunt,

191 815 363 864 postea,
390 807 630 850 imminuto
658 822 865 859 numero,
892 807 1058 850 omissa
1080 814 1149 850 est
1170 806 1247 849 illa
1268 806 1418 850 lectio:
1445 806 1563 849 idem
1580 805 1773 861 contigit
1789 805 1836 847 in

189 884 377 928 canonis
400 885 564 928 missae
592 884 888 941 expositione.

287 976 353 1020 19.
420 964 522 1006 Non
544 964 661 1006 bene
678 962 787 1004 mihi
803 970 848 1005 et
866 962 1096 1004 auunculo
1114 962 1286 1005 Moreio
1304 961 1621 1004 conueniebat.
1643 962 1709 1003 Ex
1727 975 1838 1003 casu

192 1042 248 1083 ab
286 1055 405 1095 equo
442 1040 524 1083 lesi
556 1042 851 1083 vehementer
883 1040 1044 1094 pedem
1077 1040 1295 1091 destrum,
1332 1046 1377 1082 et
1410 1053 1512 1081 cum
1542 1053 1723 1081 curaret
1756 1039 1839 1081 de—

190 1117 339 1161 centia
367 1118 402 1160 4.

284 1207 354 1237 20.
423 1196 603 1237 Mortua
625 1201 695 1237 est
724 1200 884 1245 mater,
917 1192 963 1235 in
992 1192 1123 1236 cuius
1152 1194 1279 1236 luctu
1307 1201 1491 1236 notatus
1525 1193 1589 1235 fui
1618 1192 1836 1236 indecori.

193 1271 338 1314 Duxit
374 1285 559 1314 vxorem
599 1272 751 1323 frater,
788 1285 879 1312 non
913 1271 1057 1313 solum
1087 1285 1159 1313 me
1188 1271 1341 1314 nescio
1373 1258 1418 1314 et
1446 1271 1717 1323 inconsulto,
1759 1271 1839 1313 sed

194 1348 356 1391 inuito.

285 1438 356 1468 21.
422 1425 639 1468 Discessu
673 1426 729 1468 ad
763 1425 996 1481 praedium
1025 1425 1258 1478 auunculi,
1291 1433 1491 1468 attamen
1516 1428 1529 1447 ⁵
1558 1440 1650 1467 non
1679 1424 1843 1468 melius

193 1502 347 1545 habui.

271 1637 279 1655 ¹
332 1635 448 1669 Haud
467 1635 671 1681 perspicue
691 1640 852 1681 apparet
870 1635 963 1681 quid
982 1634 1043 1669 hic
1063 1635 1235 1669 scribere
1260 1635 1427 1670 voluerit
1453 1635 1591 1679 Nadal,
1619 1647 1667 1669 an
1693 1635 1844 1670 misan-

196 1695 360 1736 tricum,
381 1695 443 1729 ve]
464 1695 769 1736 mirantricum,
791 1696 853 1730 vel
873 1694 966 1742 quid
984 1694 1221 1740 hujusmodi.
1242 1694 1391 1729 Sensus
1411 1695 1556 1730 veroid
1571 1695 1673 1741 quod
1688 1694 1842 1741 scripsi-

198 1766 282 1789 mus
301 1754 500 1800 postulare
520 1755 689 1789 videtur.

268 1816 281 1835 ‘2
334 1814 487 1849 Nomen
506 1814 703 1861 proprium
722 1814 917 1861 quoddam
935 1814 998 1849 hic
1017 1814 1220 1861 scripsisse
1239 1814 1395 1849 videtur
1408 1819 1543 1849 auctor
1560 1814 1772 1858 Clzronici;
1792 1826 1843 1851 an

197 1885 290 1908 vero
309 1874 510 1921 scripserit
528 1875 705 1916 dedomii,
726 1886 774 1909 an
794 1875 959 1915 ledonii,
980 1886 1051 1909 seu
1075 1875 1237 1917 tedonii,
1268 1875 1331 1909 vel
1358 1874 1450 1921 quid
1476 1874 1581 1909 aliud
1608 1874 1749 1917 simile,
1776 1874 1842 1909 de-

197 1944 357 1968 cernere
377 1945 453 1969 non
472 1945 691 1981 possumus
723 1934 843 1969 Lledo'
862 1940 901 1969 et
932 1935 1048 1978 Tedo',
1068 1934 1301 1980 cognomina
1326 1940 1417 1969 sunt
1440 1935 1542 1981 apud
1560 1936 1783 1969 catalaunos
1802 1939 1845 1969 et

198 1993 464 2039 majoricensis
483 1994 638 2029 usitata.

270 2054 284 2072 ⁵
335 2052 494 2088 Doctori
512 2053 754 2099 Hieronymo
774 2053 895 2088 Nadal
916 2053 1032 2088 lectio
1052 2064 1184 2088 sacrae
1208 2052 1423 2099 scripturae
1441 2053 1712 2088 commendata
1729 2052 1803 2087 fuit
1822 2064 1845 2088 a

199 2111 372 2158 capitulo
391 2111 584 2147 ecclesiae
599 2112 834 2147 cathedralis
850 2112 1132 2158 majoricensis,
1148 2112 1211 2147 die
1230 2112 1433 2162 16Aprilis
1447 2124 1547 2147 anno
1562 2113 1720 2148 Domini
1738 2121 1844 2157 1540,

201 2176 243 2205 ut
260 2177 415 2206 constat
434 2184 483 2206 ex
503 2172 602 2207 libro
621 2177 796 2207 actorum
815 2172 992 2218 ejusdem
1010 2172 1185 2219 capituli,
1205 2172 1244 2207 in
1263 2172 1409 2207 archiv,
1431 2174 1527 2207 eccl.
1554 2173 1743 2216 cathedr„
1764 2173 1843 2207 vol.

203 2239 420 2276 1529-1549‚
440 2231 507 2266 fol.
528 2241 597 2276 204
616 2242 669 2276 V.;
691 2232 758 2266 ubi
775 2233 872 2267 haec
890 2232 1035 2279 scripta
1053 2237 1161 2267 sunt:
1183 2231 1281 2267 «Die
1307 2231 1372 2277 xvj
1392 2232 1538 2267 mensis
1564 2233 1724 2279 Aprilis,
1743 2243 1848 2267 anno-

201 2290 442 2325 MDXXXX.
470 2291 710 2336 Congregati
734 2291 893 2326 fuerunt
918 2292 956 2326 in
981 2292 1151 2339 capitulo
1174 2292 1259 2326 R.di
1284 2291 1375 2326 Dni.
1409 2292 1639 2327 Franciscus
1665 2292 1737 2327 Mir
1760 2292 1764 2338 Ι
1787 2304 1845 2326 sa-

200 2349 317 2384 crista
340 2364 344 2395 1
368 2356 597 2396 praecentor
621 2350 625 2397 Ι
648 2351 772 2385 Pachs
797 2352 800 2397 Ι
824 2351 994 2387 Abrines
1018 2351 1022 2398 Ι
1045 2352 1281 2386 Berthomeu
1310 2351 1314 2397 Ι
1344 2351 1464 2386 Sanct
1482 2352 1581 2397 Joan
1605 2351 1608 2396 Ι
1631 2352 1797 2386 Torrent
1821 2351 1825 2397 Ι

201 2409 442 2456 Campfullos
467 2409 471 2455 Ι
496 2410 693 2445 Soldeuila
716 2410 720 2456 Ι
744 2411 853 2445 Isern
877 2411 881 2457 Ι
905 2411 1005 2446 Gual
1029 2413 1033 2458 Ι
1058 2411 1176 2446 Sanct
1194 2412 1282 2456 Just
1306 2410 1310 2457 Ι
1333 2411 1424 2452 Net,
1441 2411 1653 2446 Torroella.

276 2495 346 2503 .....
363 2470 477 2513 Item,
487 2469 798 2505 determinarunt
812 2471 915 2517 quod
928 2471 1042 2505 R‚dus
1058 2471 1322 2516 Hieronymus
1336 2470 1474 2514 Nadal‚
1485 2483 1593 2505 sacre
1605 2471 1746 2517 pagine
1762 2482 1849 2517 pro-

202 2527 341 2572 sessor,
362 2530 468 2574 legat
493 2541 562 2576 pro
580 2530 675 2564 R.d0
695 2530 881 2576 capituIO,
901 2543 989 2565 cum
1009 2531 1148 2565 salario
1166 2530 1261 2565 alias
1286 2542 1354 2576 per
1373 2531 1502 2565 Reium
1523 2531 1737 2577 capitulum
1756 2542 1849 2565 con-

201 2588 340 2623 stituto
361 2589 400 2623 in
422 2589 621 2624 erectione
642 2590 826 2625 chatedre
847 2590 943 2625 alias
960 2590 1039 2636 jam
1054 2590 1171 2625 facta.
1192 2591 1242 2624 Et
1263 2589 1313 2624 sit
1332 2590 1371 2624 in
1387 2589 1572 2625 facultate
1596 2590 1709 2625 R‚dus
1736 2602 1846 2625 suam

202 2648 411 2683 lectionem
426 2650 547 2694 leget,
564 2649 650 2695 [sic]
666 2655 706 2684 et
720 2649 823 2696 quod
837 2649 968 2684 R,dum
995 2649 1208 2696 capitulum
1223 2649 1345 2696 possit
1360 2650 1515 2684 mittere
1530 2651 1716 2684 lectorem
1731 2661 1846 2684 cuan-

201 2708 420 2755 documque
435 2708 563 2743 eidem
578 2710 679 2744 bene
697 2709 815 2744 fuerit
829 2709 970 2753 visum,
987 2714 1027 2744 et
1040 2714 1220 2744 cessante
1233 2708 1434 2753 exercitio,
1446 2714 1653 2755 cessetque
1664 2709 1845 2744 salarium

203 2774 242 2802 et
266 2768 370 2803 dicta
394 2769 511 2804 lectio
532 2770 687 2815 legatur
706 2770 769 2804 vel
791 2770 830 2805 in
851 2769 1089 2804 bibliotheca
1114 2769 1218 2804 sedis
1244 2769 1431 2815 majoric„
1457 2770 1519 2804 vel
1546 2769 1584 2803 in
1609 2769 1848 2803 monasterio

203 2828 327 2863 sancti
347 2829 557 2874 Domjnici,
577 2829 669 2864 dum
689 2835 820 2864 tamen
839 2829 889 2864 sit
903 2829 942 2864 in
963 2829 1209 2875 Almudayna
1223 2829 1263 2875 [i.
1280 2842 1316 2865 e.
1332 2830 1371 2864 in
1386 2829 1564 2875 paroecia
1578 2829 1844 2875 cathedrali].»

274 2890 287 2909 ⁴
338 2888 417 2932 Sic,
437 2901 556 2924 sensu
574 2889 823 2936 incompleto.

276 2950 290 2969 5
341 2949 544 2992 Attamen,
565 2950 665 2984 hanc
690 2961 826 2984 vocem
853 2949 1100 2996 interpretati
1128 2960 1281 2993 sumus;
1314 2954 1374 2984 ast
1404 2949 1566 2984 dubium
1597 2954 1772 2984 remanet
1798 2960 1848 2985 an

205 3007 302 3042 forte
322 3008 532 3053 legendum
553 3009 616 3053 sit,
636 3012 828 3044 artamon
848 3008 906 3053 (?).
