2038 3313
248 216 374 244 LXVIII
754 206 1008 244 PROOEMIUM
1036 216 1148 243 PRIMI
1174 216 1400 245 VOLUMINIS

339 311 578 353 Ducentae
602 309 780 352 circiter
803 309 1023 365 epistolae
1045 316 1406 365 consequuntur,
1427 308 1609 364 quibus,
1636 316 1731 351 tum
1753 307 1897 351 histo-

249 388 315 431 ria
353 388 551 440 Siciliae,
586 395 681 430 tum
712 387 976 443 Hispaniae,
1020 386 1296 439 Lusitaniae,
1328 386 1504 431 Galliae
1532 393 1577 429 et
1605 385 1892 439 Germaniae,

251 465 473 523 plurimis,
501 465 646 521 iisque
669 465 798 508 novis
817 472 860 508 et
884 464 1258 521 historiographis
1277 465 1460 521 ignotis,
1483 463 1657 506 notitiis
1674 463 1891 506 ditantur.

250 546 382 600 Quae
404 558 512 587 vero
524 544 618 598 jam
643 542 750 599 ipsis
768 549 875 586 nota
899 544 1098 595 fuerunt,
1126 543 1353 586 interdum
1371 542 1670 584 emendantur
1688 542 1743 584 ab
1767 555 1895 584 erro—

250 621 390 674 ribus,
417 621 494 676 qui
518 620 685 664 sensim
711 620 807 663 sine
830 636 966 664 sensu
990 621 1035 664 in
1054 621 1201 664 varias
1218 620 1431 663 historias
1448 619 1741 676 irrepserunt.
1764 620 1896 675 Quae

250 705 402 741 autem
440 705 562 741 recte
601 698 767 755 scripta
807 699 954 751 fuere,
996 698 1359 754 frequentissime
1397 697 1453 741 ad
1490 696 1683 754 primum
1727 697 1896 741 fontem

248 777 546 828 reducuntur,
574 790 770 819 ac-nova
792 776 1062 819 auctoritate
1085 777 1426 819 confirmantur.

337 855 387 896 In
410 852 611 909 epistolis
641 855 696 897 ab
727 869 845 897 anno
881 856 990 909 1548
1015 855 1071 897 ad
1110 865 1218 909 1553
1253 853 1387 906 datis,
1419 852 1667 896 clarissime
1698 851 1899 896 cernitur

248 939 470 988 quantum
508 933 672 975 debeat
709 948 903 989 regnum
933 934 1149 977 S1c1L1AE
1179 931 1419 976 Societatis
1457 930 1667 984 alumnis,
1705 945 1898 986 quorum

247 1008 399 1066 Opera,
426 1009 593 1063 studia,
621 1025 737 1065 quae
760 1011 1086 1066 propemodum
1111 1017 1335 1066 prostrata
1357 1010 1588 1065 jacebant,
1616 1009 1673 1052 ad
1695 1023 1898 1052 summae

248 1087 420 1144 gloriae
444 1088 677 1144 fastigium
710 1089 889 1131 sublata
913 1089 1111 1131 fuerunt,
1141 1088 1266 1131 Bella
1288 1086 1616 1131 'catholicorum
1644 1101 1748 1130 cum
1771 1101 1896 1130 sara-

248 1164 388 1217 cenis,
414 1165 612 1221 gloriosa
636 1165 836 1208 facinora
860 1173 979 1209 terra
1007 1165 1210 1221 marique
1232 1172 1408 1221 patrata
1431 1166 1487 1208 ab
1511 1164 1712 1208 exercitu
1737 1166 1896 1208 catho—

248 1242 454 1295 licorum,
486 1243 693 1300 proregis
722 1243 902 1288 Siciliae
931 1244 1121 1299 ejusque
1160 1243 1354 1287 familiae
1382 1243 1548 1299 pietas,
1580 1241 1896 1286 benevolentia

247 1336 357 1377 erga
381 1320 672 1373 Societatem,
698 1321 906 1365 alacritas
928 1337 1009 1378 pro
1039 1321 1259 1378 religione
1288 1336 1366 1378 per
1395 1329 1541 1364 totum
1571 1336 1765 1378 regnum
1787 1335 1895 1377 pro-

250 1399 479 1452 vehenda,
521 1398 834 1455 religiosarum
874 1399 1143 1443 familiarum
1180 1399 1456 1452 reformatiO,
1497 1399 1605 1442 cleri
1642 1398 1898 1442 accuratior

249 1476 490 1529 institutio,
532 1484 837 1533 sexcentaque
875 1477 961 1521 alia
998 1477 1320 1530 dilucidantur,
1361 1477 1407 1519 in
1449 1477 1614 1533 quibus
1657 1475 1898 1533 praecipua

248 1555 349 1598 luce
373 1555 564 1611 effulget
585 1556 710 1599 labor
733 1563 778 1598 et
801 1555 1023 1599 industria
1047 1556 1195 1599 Patris
1218 1556 1378 1600 Nadal.

339 1634 405 1675 Ex
428 1632 630 1689 epistolis
653 1634 708 1676 ab
742 1649 861 1677 anno
891 1645 999 1689 1553
1024 1636 1080 1678 ad
1116 1645 1223 1689 1555
1255 1634 1387 1687 datis,
1420 1634 1581 1677 melius
1611 1632 1893 1690 perspiciun—

249 1710 524 1768 turJoannis
543 1713 616 1764 HI,
640 1714 1021 1756 PORTUGALLIAE
1037 1712 1175 1769 regis,
1194 1712 1381 1769 egregia
1396 1712 1595 1755 facinora
1609 1726 1689 1768 pro
1707 1711 1896 1754 ecclesia

247 1789 486 1842 catholica3
513 1789 707 1846 collegia
725 1790 981 1843 Societatis,
1003 1791 1102 1846 ejus
1125 1805 1210 1847 ope
1227 1798 1271 1834 et
1294 1789 1604 1833 munificentia
1622 1789 1830 1832 instituta
1853 1796 1897 1833 et

248 1868 419 1919 dotata,
441 1875 486 1910 et
510 1867 658 1910 Patris
681 1869 826 1911 Nadal
849 1868 1061 1924 prudenti
1084 1868 1266 1912 solertia
1288 1868 1509 1920 ordinata,
1531 1866 1896 1924 sapientissimis-

248 1960 338 2001 que
360 1945 540 2001 legibus
563 1945 800 1999 instructa3
828 1946 986 2001 quanti
1010 1947 1167 1990 fecerit
1196 1948 1244 1991 S.
1276 1947 1311 1989 F
1314 1945 1546 1989 ranciscus
1570 1945 1627 1988 de
1649 1945 1784 2000 Borja
1807 1947 1896 1988 Paa

251 2023 330 2065 tris
354 2023 500 2066 Nadal
524 2022 727 2075 consilia,
753 2023 985 2076 virtutem,
1009 2031 1141 2080 gesta
1168 2025 1196 2076 ¹,
1222 2038 1311 2079 qua
1343 2022 1660 2066 benevolentia
1692 2021 1896 2067 Societa-

249 2108 340 2144 tem
362 2107 713 2156 prosequeretur
745 2100 896 2144 infans
931 2102 1255 2158 Portugalliae,
1290 2104 1438 2145 Dnus.
1472 2100 1755 2153 Ludovicus3
1783 2113 1898 2155 quae

248 2178 447 2234 quidem,
469 2177 574 2221 licet
591 2185 701 2221 nota
718 2179 1097 2236 historiographis
1116 2180 1221 2232 sint,
1241 2187 1412 2235 quanto
1426 2178 1587 2222 melius
1604 2179 1786 2222 elucent
1802 2177 1897 2220 his*

249 2271 301 2300 ce
317 2271 362 2299 v,
390 2271 436 2312 g.
464 2255 615 2298 verbis
641 2258 691 2299 P.
720 2257 865 2300 Nadal
888 2259 944 2300 ad
968 2257 1212 2314 Ignatium!
1244 2258 1323 2301 «El
1346 2257 1519 2300 infante
1540 2259 1597 2300 D.
1626 2256 1736 2300 Luis
1753 2271 1802 2300 es
1821 2262 1898 2298 tan

248 2333 496 2377 intrinseco
521 2337 547 2376 a
569 2334 612 2376 la
634 2335 900 2390 Compania,
928 2350 1016 2390 que
1038 2350 1111 2378 me
1133 2350 1294 2392 parece
1318 2350 1407 2392 que
1430 2337 1471 2379 el
1494 2337 1540 2379 M
1549 2346 1585 2377 ,Ο
1616 2335 1815 2377 Polanco
1838 2348 1898 2376 no

248 2411 368 2455 tiene
383 2426 539 2466 mayor
557 2411 707 2454 animo
725 2412 769 2454 ni
788 2414 1007 2455 voluntad
1022 2414 1077 2456 de
1095 2414 1425 2457 acrescentarla
1443 2414 1474 2456 ².
1488 2430 1504 2453 >2
1523 2412 1733 2467 Denique
1751 2426 1897 2467 quan—

248 2496 292 2532 ta
317 2488 531 2531 facilitate
554 2496 598 2531 et
621 2503 710 2544 quo
734 2489 860 2532 exitu
882 2505 952 2533 res
981 2490 1267 2534 difficillimas
1290 2491 1335 2533 in
1360 2490 1594 2534 Lusitania
1623 2488 1898 2546 praestiterit

250 2568 301 2609 P.
330 2567 490 2618 Nadal,
523 2566 620 2622 ipse
649 2566 825 2623 Ignatio
855 2568 1078 2611 referebat
1107 2568 1232 2612 hisce
1260 2569 1426 2611 verbis:
1465 2570 1559 2611 «Ya
1587 2575 1716 2610 antes
1745 2582 1794 2610 se
1826 2582 1898 2610 me

247 2647 349 2687 auia
368 2645 688 2700 representado
713 2651 838 2687 tanta
861 2645 1060 2689 claridad
1082 2662 1111 2702 y
1138 2646 1347 2690 facilidad
1374 2661 1431 2689 en
1454 2647 1522 2689 las
1545 2660 1674 2689 cosas
1703 2646 1759 2688 de
1784 2648 1896 2688 Por-

323 2808 332 2827 ¹
388 2807 455 2841 «El
475 2806 518 2840 P.
540 2806 750 2852 Francisco
768 2818 811 2841 se
830 2809 990 2843 consolo
1010 2809 1149 2843 mucho
1170 2808 1311 2843 viendo
1330 2820 1405 2855 que
1425 2808 1517 2843 todo
1536 2809 1572 2843 lo
1596 2807 1739 2853 guiaua
1758 2808 1792 2842 el
1814 2807 1898 2854 Spi-

247 2866 324 2900 ritu
343 2871 496 2912 sancto,
512 2878 537 2912 y
553 2878 628 2913 que
644 2878 693 2901 en
708 2868 861 2913 aquella
875 2867 1183 2915 determinacioii
1199 2871 1233 2904 el
1250 2870 1293 2903 P.
1311 2869 1385 2903 M.0
1407 2868 1529 2903 Nadal
1546 2873 1727 2903 acertaua
1742 2869 1897 2914 mucho,

249 2937 363 2960 como
382 2927 419 2960 lo
446 2927 495 2960 ha
515 2927 640 2965 hecho
664 2939 713 2961 en
732 2926 843 2962 todas
870 2929 926 2962 las
953 2928 1101 2973 demas,
1122 2929 1291 2977 (lespues
1310 2941 1386 2977 quc
1406 2929 1497 2964 vino
1522 2941 1571 2964 en
1596 2933 1700 2964 estas
1728 2933 1896 2975 partes.»

250 2985 349 3020 Vide
370 2985 470 3020 infra
489 2987 604 3032 epist.
627 2995 685 3032 50,
706 2998 795 3033 pag.
817 2995 896 3031 155.

319 3047 332 3067 ²¹
386 3045 486 3081 Vide
506 3045 621 3093 epist.
644 3045 688 3091 53
707 3057 796 3094 pag.
821 3045 900 3091 173.
