2038 3313
896 246 1097 292 1538-1545
1797 255 1817 290 5

169 349 471 405 apprehendit
493 351 678 392 barbam
702 349 811 392 mihi
834 350 977 402 miles,
1004 356 1049 392 et
1071 349 1184 392 dixit
1206 363 1365 392 canem
1388 348 1618 401 iudaeum,
1640 347 1713 390 cui
1731 362 1819 403 ego
1852 387 1853 390 ,

173 425 285 468 nihil
308 426 535 482 respondi:
562 426 841 470 meminerim
865 427 999 470 etiam
1023 427 1060 470 si
1082 441 1318 483 perperam
1341 428 1427 468 hoc
1450 425 1693 480 aliquando
1712 440 1815 467 nar-

176 503 384 546 rauerim.
412 505 638 547 Gerebam
662 504 843 560 quidem
867 504 913 546 in
936 519 1074 547 manu
1096 505 1452 560 pentateuchum
1474 501 1701 545 hebraice:
1734 502 1819 543 mi—

174 579 277 623 lites
304 582 546 624 honestum
574 582 759 637 pallium
788 582 1128 637 surripuerunt:
1161 581 1380 637 pauculos
1415 579 1599 632 solidos,
1632 593 1746 634 quos
1775 578 1820 621 in

177 657 406 714 marsupio
434 660 678 710 habebam,
711 674 802 702 non
840 659 1107 723 attigerunt.
1142 661 1372 701 Reuersus
1408 657 1455 699 in
1492 658 1666 708 vrbem,
1707 655 1819 698 latui

176 735 269 778 fere
296 736 441 778 donec
474 736 642 779 dimisit
670 736 919 780 exercitum
948 725 1237 789 Franciscus,
1272 735 1536 778 discedente
1567 734 1614 776 in
1646 733 1819 776 Italiam

170 825 357 855 ¹caesare
380 827 484 855 cum
507 813 725 856 exercitu.
752 814 774 837 ’⁵‘
798 815 1086 868 Anteaquam
1117 813 1360 856 Auenione
1382 812 1679 865 discederem,
1713 825 1819 867 pro-

175 896 325 932 motus
349 890 413 931 fui
436 891 492 932 ad
514 890 815 946 presbiterum
843 893 871 943 ¹,
898 897 943 933 et
967 890 1223 946 theologiae
1245 891 1531 933 doctoratum
1556 890 1578 913 ²³²
1604 890 1636 930 ².

270 968 336 1009 16.
402 967 633 1024 Nauigaui
670 967 811 1025 igitur
840 967 1157 1011 Barcinonam.
1191 967 1281 1010 Hic
1309 967 1419 1010 libet
1456 966 1821 1009 animaduertere

175 1042 221 1085 in
244 1050 355 1097 quot
377 1044 639 1088 discrimina
660 1052 706 1088 et
733 1045 1007 1089 dificultates
1036 1045 1190 1098 incidi,
1225 1051 1464 1100 postquam
1493 1043 1683 1087 Lutecia
1711 1042 1816 1095 abii3

175 1126 221 1162 et
242 1120 354 1163 illud
376 1128 610 1176 praeterea
626 1122 824 1175 memini,
851 1129 896 1165 et
914 1123 1211 1178 contemplor,
1234 1137 1368 1177 quam
1387 1122 1550 1164 acerba
1569 1120 1704 1163 fuerit
1721 1119 1820 1163 ani-

176 1196 237 1239 mi
260 1197 346 1241 mei
369 1198 624 1254 aegritudo,
651 1214 785 1254 quam
809 1200 1068 1252 continens3
1095 1214 1180 1243 nec
1202 1199 1364 1242 studiis
1392 1199 1605 1252 fidebam,
1636 1211 1723 1240 nec
1751 1198 1819 1239 fa-

170 1275 334 1317 cultati
356 1275 676 1329 concionandi3
697 1278 879 1320 dolebat
896 1279 1174 1329 stomachus,
1196 1278 1378 1320 dolebat
1394 1283 1548 1332 caput,
1570 1282 1693 1318 totus
1710 1273 1820 1316 mihi

175 1352 484 1409 displicebam,
526 1369 751 1410 nusquam
788 1354 1099 1411 repperiebam
1137 1356 1210 1398 vel
1253 1355 1450 1410 quietem
1494 1354 1567 1396 vel
1610 1352 1819 1396 consola—

174 1429 344 1473 tionem
368 1432 399 1472 ⁵.

862 1559 899 1592 M
904 1557 1086 1595 AIORIC
1092 1558 1137 1593 IS

651 1659 760 1694 1538
788 1669 927 1702 USQUE
955 1670 1011 1695 AD
1038 1669 1184 1695 IULIUM
1211 1660 1354 1706 [15J45

272 1784 337 1825 17.
405 1772 634 1829 Nauigaui
658 1789 762 1816 cum
785 1774 1005 1817 canonico
1035 1775 1281 1817 Torroella.
1315 1774 1514 1818 Viuebat
1542 1774 1692 1816 adhuc
1720 1786 1818 1813 ma-

177 1855 258 1901 ter,
286 1851 434 1892 adhuc
457 1852 730 1903 auunculus,
757 1852 907 1894 adhuc
932 1853 1068 1895 frater
1090 1859 1134 1895 et
1157 1853 1274 1894 duae
1291 1866 1469 1894 sorores
1486 1866 1590 1894 cum
1609 1849 1703 1893 suis
1721 1864 1817 1891 ma-

177 1926 291 1969 ritis·
317 1927 405 1970 Hic
428 1943 535 1971 vero
558 1928 669 1971 illud
693 1944 780 1985 ego
803 1930 949 1972 refero
972 1929 1017 1971 in
1040 1945 1268 1972 summum
1291 1929 1377 1972 Dei
1406 1928 1678 1972 beneficium
1708 1941 1820 1982 erga

176 2018 262 2056 me,
290 2006 410 2060 quod
433 2021 572 2061 quum
598 2018 622 2059 7
647 2021 789 2049 annos
813 2007 827 2026 4
846 2006 1054 2062 in-patria
1072 2006 1276 2060 vixerim,
1299 2007 1473 2048 nullum
1491 2006 1625 2057 diem,
1646 2004 1818 2046 nullam

174 2081 347 2133 horam,
375 2082 482 2137 quid
504 2083 622 2126 diem
646 2083 746 2126 dico
770 2085 841 2127 vel
864 2086 1046 2127 horam?
1069 2085 1244 2126 nullum
1268 2091 1546 2126 momentum
1571 2097 1662 2125 non
1690 2081 1818 2123 vixe—

176 2157 258 2200 rim
297 2158 342 2200 in
371 2174 546 2203 summa
574 2161 711 2203 animi
740 2161 983 2213 anxietate,
1019 2161 1360 2217 perturbatione
1388 2168 1525 2216 atque
1553 2159 1815 2203 acerbitate:

175 2250 352 2291 semper
374 2238 555 2280 dolebat
578 2237 686 2280 mihi
710 2246 862 2294 caput,
889 2253 1065 2294 semper
1088 2240 1366 2290 stomachus,
1388 2252 1565 2293 semper
1582 2252 1705 2280 eram
1722 2250 1819 2278 me-

176 2313 472 2366 lancholicus,
497 2314 559 2358 ita
580 2323 629 2357 vt
652 2315 783 2358 amici
806 2330 963 2358 omnes
986 2315 1273 2369 mirarentur,
1306 2323 1350 2359 et
1381 2314 1720 2371 suspicarentur
1747 2327 1820 2355 me

251 2547 260 2566 ¹
313 2545 395 2590 Sie3
416 2559 485 2593 pro
498 2549 832 2594 presbyteratum.

246 2607 259 2625 ”-'
312 2606 425 2650 Quae
444 2607 516 2641 hoc
535 2607 647 2652 signo
665 2609 686 2627 *
704 2609 888 2643 conclusa
906 2613 1009 2651 sunt,
1030 2608 1069 2642 in
1089 2608 1264 2654 margine
1283 2607 1433 2643 addidit
1452 2608 1589 2643 Nadal.

246 2665 259 2684 ³
311 2666 419 2701 Haec
439 2668 583 2713 scripta
601 2672 691 2702 sunt
710 2667 749 2702 in
768 2668 958 2714 principio
982 2667 1063 2702 folii
1091 2667 1157 2712 7.'¹:
1185 2674 1322 2714 postea
1348 2667 1507 2714 reliquit
1533 2673 1668 2702 auctor
1697 2666 1818 2702 Chro-

177 2724 258 2759 nici
274 2724 397 2760 ferme
417 2732 496 2762 tres
514 2728 675 2774 paginas
695 2739 852 2771 vacuas,
873 2733 912 2762 et
930 2728 968 2763 in
995 2728 1167 2763 secunda
1194 2728 1278 2763 folii
1305 2728 1353 2762 Sfi
1380 2728 1573 2774 incipiunt
1599 2732 1684 2762 acta
1716 2739 1817 2761 anno

179 2782 268 2828 1538
287 2785 494 2831 Majoricis.

246 2846 261 2865 ⁴⁷²
311 2846 588 2882 Emendandus
615 2852 675 2882 est
702 2859 750 2882 ex
776 2848 851 2891 his,
880 2849 1068 2882 BARTOLI
1095 2848 1220 2895 Degli
1251 2848 1409 2883 nomini
1439 2860 1457 2883 e
1488 2849 1549 2883 de'
1573 2848 1680 2894 fatti
1710 2847 1818 2882 della

181 2902 223 2938 C.
244 2905 296 2939 D.
321 2905 386 2947 G„
407 2907 474 2941 lib.
496 2908 565 2950 IV,
584 2919 669 2953 cap,
691 2907 765 2951 26.‚
783 2907 850 2942 ubi
868 2908 966 2942 haec
984 2907 1032 2942 de
1052 2912 1185 2942 nostro
1204 2909 1246 2942 P.
1269 2907 1392 2942 Nadal
1412 2908 1566 2943 scribit:
1590 2908 1734 2942 «Come
1754 2907 1817 2953 poi

178 2961 212 2996 si
229 2968 404 3000 tornasse
422 2966 471 3001 da
489 2966 619 3012 Parigi
638 2979 659 3001 a
677 2966 846 3012 Majorca
864 2979 934 3001 sua
952 2967 1090 3013 patria,
1111 2979 1131 3001 e
1150 2968 1239 3013 qual
1260 2968 1341 3002 vita
1358 2967 1412 3002 ivi
1431 2979 1611 3002 menasse
1631 2979 1699 3013 per
1717 2966 1818 3001 dicei

178 3023 314 3058 anni...
334 3037 383 3060 ne
400 3025 592 3060 faeemmo
609 3026 784 3061 addietro
804 3039 879 3061 una
897 3027 1045 3062 distesa
1063 3028 1329 3062 narrazione.»
