2038 3313
328 221 341 247 1
353 211 399 247 30
907 213 1046 248 EPIST.
1075 213 1118 247 P.
1148 212 1399 257 NADAL—41

322 329 567 370 puerorum
590 313 636 356 in
658 313 928 357 rudimentis
952 314 1075 367 fidei,
1109 314 1235 357 iuxta
1263 314 1269 372 Ι
1297 315 1502 358 eamdem
1534 313 1705 356 bullam
1734 320 1780 356 et
1802 314 1974 356 consti-

321 391 543 435 tutiones.

412 472 582 513 Romae
611 480 720 524 1552
750 471 758 490 ¹
785 469 831 512 in
848 469 922 513 die
939 469 1300 512 annuntiationis
1318 468 1364 511 in
1381 468 1590 511 manibus
1619 467 1625 526 Ι
1654 468 1754 512 R.di
1783 468 1829 512 in
1847 470 1969 525 Xpo.

318 547 460 604 patris
483 546 688 602 magistri
711 546 886 603 ignatii.
914 547 959 590 in
989 546 994 605 Ι
1022 546 1179 589 maiori
1202 547 1345 589 altare
1368 561 1418 588 .s.
1441 545 1609 589 mariae
1626 546 1743 589 della
1760 547 1912 589 strada
1935 548 1966 590 ².

392 735 400 754 ¹
455 733 593 767 Annus
613 733 731 767 etiam
751 733 919 778 scriptus
939 737 999 766 est
1018 743 1136 778 super
1155 731 1298 766 lineam
1318 732 1366 766 ab
1386 731 1471 777 ipso
1490 732 1533 766 P.
1555 731 1695 767 Nadal.

389 795 402 814 ἓ
454 793 514 827 De
536 792 662 827 Patris
682 792 805 826 Nadal
826 791 1088 838 professione,
1104 791 1194 825 vide
1214 802 1344 837 supra,
1361 791 1477 837 epist.
1498 790 1558 836 39,
1579 804 1617 826 n.
1637 801 1672 836 43
1694 797 1732 826 et
1751 792 1959 828 POLANCO

316 851 482 892 Clzron.,
504 852 554 897 II,
582 851 664 897 553,
698 852 799 886 unde
825 853 921 886 haec
953 862 1075 897 pauca
1106 851 1169 886 hic
1201 857 1445 885 transumere
1473 851 1642 897 juvabit:
1677 852 1759 886 «Ita
1783 852 1971 898 postridie

313 909 420 945 Stae.
444 911 638 956 Agathae,
658 911 770 956 cujus
789 910 935 945 festum
960 909 1133 944 Catanae
1154 910 1355 956 expectari
1374 922 1541 957 aequum
1562 916 1658 957 erat,
1686 911 1881 957 proficisci
1906 912 1971 948 de-

312 969 451 1005 crevit.
473 972 571 1005 Eum
592 971 671 1005 suis
691 970 833 1004 litteris
854 970 1016 1004 Prossrex
1036 969 1083 1004 ad
1103 970 1146 1004 P.
1174 970 1371 1015 Ignatium
1391 976 1452 1005 est
1477 970 1701 1017 comitatus,
1728 972 1842 1018 eique
1866 983 1970 1007 com-

315 1031 515 1066 mendavit
535 1037 576 1065 ut
595 1031 626 1065 si
646 1043 742 1077 opus
763 1037 883 1077 esset,
904 1032 942 1066 in
958 1031 1032 1077 his,
1059 1042 1158 1076 quae
1183 1042 1271 1065 cum
1298 1030 1489 1066 Pontifice
1515 1031 1668 1076 agenda
1691 1031 1858 1079 ferebat,
1879 1044 1968 1068 eum

310 1091 482 1137 juvaret,
502 1096 541 1125 et
560 1103 675 1137 quam
695 1090 868 1125 breviter
886 1090 970 1125 fieri
990 1095 1138 1136 posset,
1158 1091 1197 1125 in
1218 1090 1392 1125 Siciliam
1417 1090 1653 1137 remitteret,
1680 1096 1722 1126 ut
1746 1093 1868 1127 multa
1886 1091 1967 1139 pie-

315 1150 406 1186 tatis
426 1162 542 1197 opera
557 1156 696 1197 coepta
716 1162 783 1197 per
802 1150 983 1185 eumdem
1008 1150 1202 1185 conficere
1222 1156 1370 1197 posset.

386 1211 505 1245 Venit
524 1222 616 1256 ergo
636 1211 797 1245 Romam
814 1210 937 1256 primo
958 1222 1050 1245 vere
1069 1216 1297 1256 appetente,
1318 1216 1357 1245 et
1372 1210 1565 1256 vigesima
1588 1211 1724 1257 quinta
1749 1210 1812 1246 die
1838 1211 1967 1247 Martii

315 1271 354 1305 in
373 1270 554 1305 manibus
574 1271 616 1304 P.
634 1270 777 1315 Ignatii
796 1282 905 1304 suam
924 1269 1210 1316 professionem
1236 1270 1381 1316 emisit,
1408 1276 1447 1305 et
1465 1272 1587 1305 multa
1605 1282 1694 1305 cum
1714 1271 1853 1306 eodem
1877 1283 1967 1306 con-

315 1330 417 1365 tulit.
439 1330 576 1364 Eidem
596 1330 770 1364 vicissim
789 1331 832 1364 P.
854 1330 1031 1375 Ignatius
1050 1330 1354 1365 constitutiones
1379 1330 1568 1376 legendas
1587 1330 1710 1376 dedit,
1731 1336 1771 1365 et
1789 1336 1831 1366 ut
1849 1343 1965 1366 anno—

314 1395 415 1424 taret
440 1390 472 1425 si
503 1389 597 1436 quid
628 1390 663 1424 ei
683 1390 721 1424 in
741 1395 914 1424 mentem
934 1390 1101 1430 veniret,
1122 1389 1338 1434 admonuit3
1373 1396 1413 1425 et
1443 1395 1486 1424 ut
1512 1395 1596 1424 erat
1614 1390 1724 1425 senio
1755 1396 1794 1425 et
1824 1391 1967 1426 afflicta

312 1450 485 1496 corporis
505 1449 745 1495 valetudine,
766 1449 956 1494 cogitavit
976 1449 1079 1484 idem
1099 1450 1141 1484 P.
1163 1450 1355 1496 Ignatius,
1371 1446 1437 1496 q'ui
1457 1461 1533 1485 non
1549 1454 1731 1496 potuerat
1745 1462 1787 1485 se
1808 1451 1965 1486 omnino

312 1509 352 1543 in
383 1519 484 1543 anno
510 1508 673 1553 jubilaei
705 1519 919 1543 exonerare
948 1520 1018 1543 suo
1050 1520 1227 1554 munere,
1253 1509 1292 1543 in
1319 1509 1452 1543 multis
1484 1521 1573 1544 eum
1599 1508 1674 1543 sibi
1706 1510 1963 1547 substituere.

315 1568 515 1608 Attamen,
548 1568 637 1614 quia
661 1568 986 1602 constitutionum
1017 1568 1279 1615 promulgatio
1307 1574 1345 1603 et
1376 1568 1507 1614 praxis
1538 1568 1577 1603 in
1608 1568 1807 1604 Societate
1832 1570 1964 1615 magni

312 1633 395 1662 erat
415 1628 616 1673 momenti,
637 1633 677 1662 et
700 1627 844 1674 alioqui
868 1627 1023 1662 initium
1042 1627 1157 1673 hujus
1189 1627 1245 1662 rei
1277 1633 1494 1674 opportune
1519 1628 1558 1662 in
1591 1627 1746 1662 Siciliae
1772 1628 1962 1675 Collegiis

310 1686 395 1721 fieri
410 1692 576 1733 poterat,
593 1692 632 1721 et
647 1686 802 1721 interim
819 1687 1139 1722 satisfaciendum
1155 1693 1238 1722 erat
1253 1687 1446 1733 Pro-regi,
1463 1693 1505 1722 ut
1519 1688 1666 1722 dictum
1682 1693 1757 1734 est,
1776 1688 1961 1735 quamdiu

310 1748 446 1781 aberat
467 1747 507 1781 P.
529 1747 794 1792 Hieronymus
815 1748 874 1781 Do
888 1748 1058 1792 nenech,
1085 1747 1287 1782 remittere
1314 1747 1353 1782 in
1379 1747 1552 1782 Siciliam
1576 1747 1758 1782 eumdem
1778 1749 1821 1783 P.
1843 1748 1960 1783 Nata-

312 1807 403 1851 lem,
424 1808 524 1841 bene
543 1806 591 1841 de
612 1818 681 1840 sua
700 1812 832 1841 mente
852 1806 1101 1848 instructum,
1122 1806 1338 1841 decrevit.»

383 1865 428 1901 23
448 1866 593 1912 Aprilis
616 1875 719 1912 1552,
740 1867 835 1900 haec
855 1867 893 1901 in
915 1867 1081 1913 Regesto
1101 1867 1196 1908 litt„
1218 1867 1249 1912 Ι,
1279 1866 1357 1901 133:
1381 1867 1439 1901 «A
1460 1867 1529 1901 M.⁰
1556 1867 1729 1902 Antonio
1750 1867 1956 1915 [Vinck]...

309 1923 364 1959 3.⁰
384 1926 442 1959 De
462 1927 497 1959 la
515 1925 699 1960 detenida
718 1925 766 1959 de
787 1925 925 1971 Nadal,
946 1937 1021 1960 una
1040 1927 1253 1960 mostrable
1273 1927 1307 1961 al
1328 1926 1498 1972 virrey.»

381 1984 426 2019 30
442 1985 586 2031 Aprilis
609 1985 1010 2029 1552.—Eidem.—...
1030 1987 1107 2020 «2.⁰
1126 1986 1240 2020 Della
1258 1985 1334 2032 yda
1353 1985 1401 2020 de
1417 1985 1556 2032 Nadal,
1576 1998 1688 2021 como
1703 1998 1773 2033 por
1787 1986 1941 2034 indispo

309 2045 426 2080 sition
441 2057 467 2091 y
486 2045 673 2090 negocios
692 2057 733 2079 se
754 2044 951 2080 detiene.»
972 2045 1138 2080 Ibidem.

383 2114 425 2149 14
444 2105 534 2150 Maji
556 2105 866 2151 1552.——Napoli.
895 2105 954 2139 «A
980 2105 1241 2150 Bobadigla...
1264 2114 1298 2139 2.
1319 2104 1403 2140 Che
1429 2106 1463 2139 al
1482 2105 1581 2140 duca
1600 2105 1648 2140 de
1669 2106 1894 2142 Monteleon
1914 2119 1956 2142 se

307 2165 477 2199 scriuera
496 2176 569 2199 con
589 2165 682 2199 Μ.Υ0
703 2164 866 2199 Nadal.»
888 2166 1045 2211 Regest.
1067 2166 1161 2205 litt„
1184 2166 1214 2211 Ι,
1238 2164 1317 2209 134.

378 2224 523 2258 Eadem
542 2224 862 2259 die.-—Messina.
885 2234 942 2258 «Ι.
964 2224 1067 2260 Cose
1093 2236 1315 2270 commune,
1342 2236 1363 2258 e
1389 2225 1425 2259 la
1449 2236 1567 2259 causa
1586 2226 1728 2271 perche
1753 2237 1830 2261 non
1849 2225 1870 2262 ὲ
1889 2238 1954 2261 an*

303 2283 395 2318 dato
415 2285 509 2318 M.¹‘0
529 2284 667 2329 Nadal,
687 2284 771 2319 cioe
804 2285 828 2319 l'
855 2284 1053 2331 infirmita,
1087 2290 1126 2319 et
1157 2285 1235 2319 che·
1261 2285 1293 2319 si
1324 2284 1468 2330 partira
1500 2285 1721 2332 mercoridi,
1753 2286 1953 2331 ogiouedi

302 2343 524 2387 seguenti»,
544 2354 614 2385 sc.,
639 2342 679 2377 18
699 2344 761 2377 vel
786 2352 826 2387 19
847 2343 952 2389 Maji,
973 2355 1062 2378 nam
1087 2343 1253 2390 epistola
1272 2344 1315 2377 P.
1337 2344 1506 2378 Polanco
1526 2344 1670 2391 scripta
1687 2344 1762 2380 fuit
1784 2354 1826 2390 14
1845 2345 1951 2391 Maji,

304 2414 403 2448 quae
427 2402 511 2436 dies
537 2403 689 2437 sabbati
714 2402 787 2437 fuit
812 2403 878 2438 illo
909 2415 1023 2438 anno.
1052 2403 1152 2438 Vide
1178 2403 1270 2438 MAS
1302 2403 1475 2449 LATRIE,
1514 2404 1657 2438 Tre'sor
1689 2404 1950 2440 claron—De

303 2460 431 2495 reditu
450 2461 576 2495 Patris
595 2461 717 2496 Nadal
739 2462 777 2496 in
798 2462 986 2508 Siciliam,
1004 2468 1043 2497 et
1057 2463 1105 2498 de
1121 2463 1182 2506 iis,
1199 2474 1298 2509 quae
1314 2468 1429 2497 antea
1444 2463 1630 2510 Neapolis
1648 2464 1788 2510 gessit,
1808 2464 1858 2499 cf.
1875 2465 1951 2500 Po-

302 2529 459 2565 LANCO,
483 2520 643 2563 Clzrom,
668 2521 718 2566 II,
739 2529 821 2566 5543
844 2527 883 2556 et
915 2522 1151 2568 AGUILERA,
1185 2523 1428 2557 Provinciae
1462 2523 1622 2559 Siculae
1648 2524 1755 2565 hist„
1787 2529 1886 2570 part.
1920 2525 1951 2565 I,

303 2591 390 2625 cap.
413 2580 481 2625 IV,
502 2591 540 2614 n.
562 2589 587 2614 Ι.

369 2648 405 2673 11
426 2639 531 2684 Junii
556 2639 935 2686 1552.—Napoli.—«
947 2649 977 2675 Ι.
995 2641 1090 2675 MJO
1105 2640 1309 2676 Bobadilla
1323 2653 1399 2675 vna
1413 2653 1634 2676 commune.
1652 2652 1685 2677 2.
1703 2643 1789 2677 Vna
1802 2643 1864 2678 del
1881 2644 1950 2678 Pa—

301 2698 371 2733 dre
390 2698 564 2744 [Ignatii]
584 2710 696 2745 sopra
714 2700 845 2745 quello
871 2700 942 2734 che
964 2700 1077 2746 passo
1108 2712 1181 2735 con
1212 2700 1381 2735 Nadal...
1403 2709 1438 2745 7.
1461 2701 1495 2735 A
1526 2701 1615 2736 Gio.
1634 2702 1794 2736 Franc.0
1820 2703 1949 2738 alcuni

302 2758 453 2792 recordi
472 2758 605 2803 buoni,
626 2764 665 2792 et
684 2759 754 2792 che
775 2759 902 2793 scriua
922 2771 990 2805 per
1009 2760 1102 2793 M.¹'0
1122 2759 1244 2794 Nadal
1266 2761 1301 2795 le
1321 2772 1451 2795 nuoue
1470 2760 1531 2795 del
1551 2761 1702 2806 capello
1721 2761 1950 2809 [correptio-

301 2817 390 2863 nis].
428 2818 486 2851 De
507 2817 580 2862 his,
601 2829 699 2863 quae
722 2818 875 2852 Patrem
897 2818 1018 2853 Nadal
1039 2819 1141 2854 inter
1160 2824 1198 2854 et
1218 2820 1374 2854 Patrem
1395 2819 1598 2854 Bobadilla
1618 2820 1783 2867 Neapoli
1805 2833 1949 2858 evene-

300 2881 405 2922 runt,
423 2875 473 2910 ef.
494 2876 711 2921 POLANco,
731 2876 895 2917 Clu-on„
918 2878 968 2922 ΙΙ,
986 2886 1067 2922 554,
1089 2890 1127 2913 n.
1149 2877 1232 2923 337.
