2038 3313
842 196 864 232 7
892 188 1004 234 JUNn
1036 187 1123 232 1561
1742 190 1818 237 485.

932 431 1045 472 ¹33

549 538 771 583 PATRIS
805 539 1162 583 HIERONYMI
1194 540 1415 584 NADAL

742 645 1001 681 commissarii
1017 645 1215 692 generalis

610 726 900 774 testimonium,
932 740 1021 764 cum
1057 728 1347 776 subscriptione

671 822 711 858 S.
729 823 1013 860 FRANCISCI
1028 825 1098 859 DE
1112 823 1283 870 BORJA

534 918 938 971 Conimbricae,
976 930 1001 973 7
1035 919 1184 977 Junii
1224 920 1347 974 1561
1390 922 1417 962 ¹.

434 1019 523 1055 Non
542 1020 618 1055 sibi
629 1020 803 1067 probari
822 1021 963 1056 Patris
981 1020 1019 1055 F
1018 1021 1191 1056 rancisci
1204 1021 1512 1068 profectionem.

960 1122 989 1180 †

239 1219 361 1274 Digo
385 1218 443 1272 io,
478 1217 745 1261 Hieronimo
768 1219 931 1271 Nadab
957 1218 1267 1262 commissario
1296 1219 1483 1276 general
1511 1220 1567 1263 de
1589 1220 1632 1262 la
1660 1220 1801 1263 Com-

224 1388 233 1407 ¹
285 1386 343 1420 Ex
362 1386 621 1432 autographo,
642 1386 681 1420 in
700 1386 830 1433 Epist.
852 1385 1008 1426 NataL,
1028 1386 1080 1431 II,
1098 1385 1213 1421 unico
1232 1385 1315 1431 fol„
1331 1386 1376 1431 78
1395 1386 1485 1431 (60).
1506 1386 1664 1433 Duplici
1682 1397 1802 1434 quon-

141 1445 237 1480 ‹dam
254 1445 348 1481 folio
365 1445 592 1481 constitisse
610 1447 684 1481 hoc
702 1446 981 1481 documentum
999 1452 1161 1493 apparet
1179 1458 1228 1481 ex
1253 1451 1363 1493 parte
1387 1446 1551 1481 secundi
1572 1446 1655 1481 folii
1679 1458 1802 1481 rema-

147 1512 281 1541 nente.
303 1505 548 1552 Subscriptio
567 1506 693 1541 sancti
711 1506 909 1541 Francisci
927 1506 975 1541 de
994 1506 1111 1552 Borja
1129 1507 1370 1552 autographa
1388 1518 1543 1553 quoque
1563 1511 1639 1541 est.

218 1566 306 1611 Qua
326 1576 417 1600 vero
437 1566 641 1601 occasione
658 1566 847 1612 scripturn
866 1565 986 1601 fuerit
1004 1567 1077 1600 hoc
1103 1566 1387 1611 testimonium,
1407 1566 1492 1613 ipse
1511 1566 1556 1601 P.
1583 1565 1706 1600 Nadal
1734 1577 1799 1600 ex-

146 1625 266 1672 plicat
284 1626 323 1660 in
343 1625 423 1660 suis
442 1626 790 1673 EplzenzeridibuS,
811 1626 852 1660 ff.
872 1634 916 1671 45
938 1632 977 1661 et
995 1626 1041 1671 46
1059 1626 1168 1661 hisce
1188 1625 1340 1661 verbis:

218 1686 356 1720 «Eram
375 1697 449 1731 ego
469 1691 682 1732 occupatus
702 1685 741 1720 in
760 1684 1002 1730 visitatione,
1022 1698 1141 1732 quum
1158 1697 1251 1721 ecce
1266 1685 1339 1722 tibi
1354 1686 1465 1721 venit
1482 1685 1531 1721 ad
1544 1698 1607 1720 me
1622 1685 1666 1720 P.
1683 1685 1801 1719 Fran-

139 1744 290 1780 ·ciscus.
307 1745 480 1779 Venerat
499 1757 548 1780 ex
567 1745 739 1780 Castella
759 1746 802 1780 P.
824 1745 1050 1791 Sayauedra
1070 1746 1156 1792 [sic,
1183 1757 1252 1792 pro
1273 1746 1517 1792 Saavedras,
1541 1745 1589 1780 ad
1607 1744 1718 1780 cuius
1738 1744 1802 1779 ad-

147 1811 324 1850 uentum,
345 1810 494 1840 mutato
512 1805 690 1850 consilio,
711 1806 849 1841 statuit
867 1806 1030 1840 Romam
1050 1805 1257 1852 proficisci,
1277 1811 1331 1850 et,
1349 1810 1392 1840 vt
1407 1806 1623 1852 periculum
1639 1805 1797 1848 vitaret,

146 1864 333 1910 nauigare
352 1864 400 1899 ad
418 1865 638 1911 proximum
657 1872 812 1912 portum
831 1865 1015 1900 Baionae.
1038 1865 1133 1900 Inde
1147 1877 1216 1911 per
1231 1864 1414 1909 Galliam,
1432 1870 1513 1899 tum
1528 1865 1692 1899 Romam
1708 1875 1799 1899 con-

148 1924 325 1959 tendere.

218 1985 300 2030 Ego
318 1996 437 2030 quum
457 1996 585 2020 essem
609 1985 735 2020 iturus
761 1984 800 2020 in
825 1984 1054 2030 Castellam,
1082 1985 1348 2020 necessarium
1373 1984 1468 2019 duxi
1487 1984 1540 2019 ita
1565 1996 1626 2018 me
1652 1984 1701 2018 de
1726 1985 1797 2018 hac

144 2043 267 2078 itione
286 2055 418 2089 agere,
439 2050 481 2078 vt
499 2056 654 2090 semper
672 2044 767 2079 mihi
786 2050 892 2080 esset
912 2045 1109 2091 integrum
1128 2044 1303 2092 profiteri
1327 2055 1371 2078 ac
1396 2043 1524 2078 iurare
1550 2055 1612 2077 me
1638 2048 1797 2078 auctore

144 2103 254 2139 illum
272 2116 350 2138 non
369 2115 457 2139 esse
476 2104 709 2150 profectum,
730 2106 792 2139 vel
812 2105 1101 2149 consentiente,
1128 2117 1206 2139 non
1230 2103 1407 2151 potuisse
1432 2108 1565 2138 tamen
1590 2102 1795 2149 impedire,

138 2163 247 2210 ⁴quod
265 2175 311 2198 ea
329 2163 368 2198 in
387 2175 427 2198 re
447 2164 531 2210 ipse
551 2165 770 2210 accepisset
788 2176 809 2199 a
828 2165 871 2199 P.
891 2164 1069 2210 generali
1088 2165 1327 2199 libertatem.

215 2224 435 2270 Acceperat
453 2223 585 2259 literas
604 2236 626 2258 a
644 2225 687 2259 P.
715 2225 863 2270 Layne,
889 2225 957 2271 qui
981 2224 1180 2260 intellexit
1198 2223 1354 2271 probari
1382 2223 1448 2258 illo
1476 2223 1570 2269 [sic]
1590 2222 1798 2269 profectio-

142 2293 246 2326 nem3
267 2289 473 2329 acceperat
490 2284 612 2318 breue
631 2284 901 2330 apostolicum,
918 2295 994 2330 quo
1015 2285 1268 2327 euocabatur,
1289 2283 1329 2317 in
1347 2293 1424 2328 quo
1444 2281 1540 2316 illud
1559 2292 1634 2327 ego
1653 2281 1797 2315 noluis-

138 2354 226 2377 sem
258 2354 502 2388 expressum,
528 2343 755 2389 petentibus
786 2343 973 2378 cardinali
1003 2341 1230 2378 ferrariensi
1261 2348 1300 2377 et
1332 2342 1375 2376 P.
1409 2342 1559 2388 Layne,
1587 2352 1676 2376 esse
1707 2351 1797 2375 con-

138 2413 314 2436 cessum.

215 2460 312 2496 Dico
332 2460 451 2506 igitur
470 2461 526 2496 illi
545 2466 588 2496 vt
606 2462 690 2508 ipse
709 2474 777 2509 per
797 2474 838 2497 se
858 2467 1018 2506 statuat3
1039 2474 1101 2497 me
1121 2474 1198 2497 non
1217 2472 1333 2508 posse
1358 2459 1562 2506 impedire.

214 2520 428 2556 Confirmat
458 2533 556 2567 quae
589 2527 793 2566 statuerat,
825 2523 1025 2568 nauigare.
1058 2523 1103 2557 In
1135 2533 1220 2557 eam
1250 2533 1333 2556 rem
1364 2520 1507 2566 accipit
1537 2519 1716 2565 Ljonello
1744 2517 1792 2553 de

144 2579 254 2615 Lima
273 2586 312 2615 et
330 2590 400 2625 400
420 2586 461 2621 Δ
483 2593 532 2615 ex
551 2581 627 2616 illis
646 2582 689 2616 P.
710 2582 868 2627 Ignatii.

213 2639 398 2685 Nauigat,
419 2640 489 2675 sed
507 2642 560 2675 2.⁰
578 2641 642 2676 die
661 2641 828 2676 afflictus
846 2642 965 2677 nimia
983 2642 1152 2676 iactione
1172 2646 1212 2675 et
1230 2641 1326 2684 salo,
1347 2645 1387 2674 et
1405 2638 1490 2685 ipse
1515 2643 1556 2672 et
1574 2636 1669 2683 socij
1690 2636 1793 2671 redit

135 2699 190 2733 ad
214 2699 253 2734 S.
280 2700 422 2734 Felicis
450 2700 554 2746 [ms.,
581 2701 755 2747 Filiciss.
780 2701 876 2736 Inde
902 2701 1097 2747 significat
1123 2712 1194 2746 per
1217 2700 1366 2744 literas,
1392 2709 1448 2742 se,
1474 2696 1789 2744 quandoquidem

141 2769 217 2793 non
237 2760 429 2794 successit
447 2760 660 2806 nauigatio,
681 2761 755 2796 iter
773 2761 1056 2806 ingressurum,
1077 2765 1120 2794 vt
1138 2771 1207 2805 per
1225 2759 1441 2795 Castellam
1460 2762 1537 2792 eat.

215 2818 481 2854 Vehementer
498 2825 537 2854 et
557 2820 651 2855 mihi
669 2825 709 2855 et
732 2820 819 2866 alijs
843 2821 1026 2856 Patribus
1048 2818 1250 2866 displicuit
1273 2819 1347 2852 hoc
1373 2816 1595 2861 consilium,
1622 2815 1727 2861 quod
1752 2815 1791 2849 in

135 2884 292 2912 certum
311 2878 527 2924 periculum
552 2891 594 2914 se
619 2880 820 2915 videretur
843 2879 1051 2926 conijcere.
1078 2880 1152 2923 Ita,
1178 2877 1321 2912 auditis
1347 2876 1544 2919 Patribus,
1571 2886 1592 2909 e
1619 2873 1791 2919 uestigio

140 2937 268 2971 missis
288 2937 427 2983 literis,
446 2939 765 2974 constantissime
784 2939 994 2974 dissuadeo
1012 2938 1306 2986 profectionem,
1326 2941 1443 2982 atque
1463 2935 1580 2970 etiam
1599 2934 1704 2968 illam
1721 2933 1791 2968 im-

135 2998 273 3042 probo.
295 2998 376 3032 Has
396 2998 529 3033 literas
548 2999 659 3034 mitto
678 2998 726 3033 ad
746 2999 871 3044 illum,
897 3010 1011 3034 seruo
1036 2998 1139 3045 apud
1159 3009 1222 3032 me
1247 2997 1471 3042 exemplum
1497 2994 1750 3039 obsignatum
1769 3004 1792 3028 a
