2038 3313
758 230 801 266 25
829 222 983 256 MARTn
1012 230 1103 266 1552
1688 235 1756 271 129

104 323 152 366 in
176 323 259 367 util
280 323 400 367 della
422 323 708 380 Compagnia
731 330 777 366 et
799 323 1022 375 limosina,
1049 323 1080 364 li
1103 337 1234 379 parse
1253 324 1406 380 (credo
1424 326 1509 367 che
1527 339 1641 368 anco
1663 328 1671 346 ¹
1693 334 1764 369 sta

109 402 214 444 ben'
240 401 311 444 601
334 401 575 457 cardinale)
599 415 706 444 cosa
728 407 952 452 estranea,
978 407 1066 443 etc.
1094 402 1180 443 che
1202 400 1233 442 il
1256 400 1484 444 cardinale
1513 402 1667 458 voglia
1697 404 1763 447 far

109 478 318 521 limosina
339 479 458 522 della
479 479 590 521 roba
612 479 686 521 del
707 493 777 531 re3
804 477 847 520 io
871 484 1023 521 tamen
1046 492 1138 521 non
1161 480 1406 521 manchero
1429 493 1514 521 con
1544 480 1588 522 13
1615 481 1763 535 gratia

111 556 167 599 de
189 554 334 599 Giesu
357 557 476 611 Xpo.
503 557 738 611 procurar'
764 569 850 598 con
872 556 1079 598 destreza
1103 562 1222 598 tutto
1246 556 1397 611 quello
1420 558 1505 599 che
1533 571 1582 599 se
1613 560 1759 612 potra:

111 639 157 674 et
178 646 259 688 per
281 639 458 687 questa,
490 647 582 675 non
611 633 741 675 altro.
774 633 809 674 Ι1
841 631 1037 688 Signore
1069 646 1150 688 per
1182 633 1225 675 la
1257 632 1566 676 misericordia
1597 648 1680 676 sua
1712 649 1763 677 ce

109 709 314 753 consorte
351 724 529 766 sempre
566 711 622 753 de
660 711 777 753 bene
814 709 861 752 in
899 709 1067 766 meglio
1106 710 1224 752 nella
1256 724 1340 753 sua
1372 717 1502 753 santa
1536 711 1683 767 gratia
1716 719 1761 754 et

110 788 258 830 vertu.
287 788 453 830 Amen.
487 787 585 830 Ora
601 793 690 843 pro
713 787 852 840 uobis,
878 789 1037 831 Pater.

198 865 268 907 De
293 863 509 916 Messina,
535 864 566 906 il
589 864 633 906 di
656 875 730 907 v.0
758 865 816 908 de
838 864 1049 908 Gennaio
1079 875 1205 919 1552.
1239 912 1241 914 ,

533 943 592 985 D.
622 944 674 984 Ρ.
703 943 759 985 V.
787 956 922 985 seruo
945 941 991 983 in
1014 943 1159 997 Xpo.,

997 1020 1298 1062 HIERONYMO
1332 1021 1518 1063 NADAL.

203 1096 452 1150 Inscriptio
477 1097 527 1138 in
550 1099 718 1151 quarta
735 1097 935 1152 pagina:
958 1096 986 1153 Ι·
1012 1097 1070 1138 Al
1094 1097 1233 1139 molto
1257 1095 1367 1139 R.d0
1391 1096 1437 1138 in
1456 1099 1574 1153 Xpo.
1604 1098 1708 1150 Re,
1734 1097 1766 1139 il

115 1173 263 1215 Padre
286 1175 347 1215 M.
376 1173 554 1229 Ignatio
577 1180 685 1225 etc.,
713 1173 758 1216 in
782 1175 939 1217 Roma.

201 1250 309 1291 Alia
333 1265 492 1292 manet:
520 1261 629 1305 1552
648 1250 872 1294 Cathania
888 1251 1009 1305 (sic).
1033 1262 1055 1305 5
1081 1252 1137 1294 de
1160 1252 1361 1295 Genaro.
1385 1251 1584 1295 Hier.m0
1610 1252 1767 1295 Nada-

113 1326 170 1368 lis
194 1326 315 1383 (sic).

916 1529 985 1568 ιιι

604 1636 863 1673 FORMULA
891 1636 1272 1674 PROFEssioNis

442 1733 696 1776 PATRIS
742 1734 1151 1776 HIERONYMI
1195 1735 1438 1778 NADAL

620 1842 807 1892 Romae,
837 1851 890 1895 25
918 1840 1068 1883 Martii
1098 1851 1207 1895 1552
1233 1842 1264 1883 ⁴².

204 1949 304 2004 Ego
341 1947 637 2004 hieronymus
676 1948 811 1991 nadal
834 1948 1048 2004 promitto
1077 1963 1177 1990 om-
1205 1947 1211 2005 Ι
1240 1948 1462 2004 nipotenti
1485 1949 1587 2001 deo,
1616 1963 1767 1992 coram

112 2025 211 2068 eius
233 2025 413 2081 virgine
435 2033 593 2078 matre,
626 2025 632 2084 Ι
660 2033 706 2068 et
731 2033 825 2068 tota
842 2025 1029 2068 coelesti
1053 2025 1178 2068 curia
1206 2024 1213 2083 Ι
1242 2040 1294 2068 36
1312 2025 1358 2068 in
1376 2026 1632 2081 praesentia
1660 2026 1665 2084 Ι
1694 2041 1771 2068 so—

112 2102 304 2154 cietatis,
338 2110 384 2146 et
416 2103 497 2145 tibi
521 2090 772 2146 reuerende
805 2110 932 2159 pater
962 2103 1114 2145 locum
1143 2102 1148 2160 Ι
1177 2103 1250 2146 dei
1281 2102 1470 2155 tenenti,
1504 2110 1770 2159 perpetuam

116 2187 428 2237 paupertatem
446 2180 633 2224 castita-
661 2180 666 2239 Ι
696 2188 786 2224 tem
804 2188 850 2224 et
872 2180 1177 2223 obedientiam
1197 2180 1323 2223 iuxta
1343 2181 1530 2223 formam
1548 2180 1710 2224 viuen-
1739 2181 1744 2239 Ι

116 2257 161 2300 di
178 2257 226 2300 in
242 2258 367 2301 bulla
383 2257 612 2301 societatis
631 2258 941 2315 dominiJesu,
969 2265 1014 2300 et
1043 2257 1048 2314 Ι
1077 2257 1123 2301 in
1147 2257 1245 2301 eius
1269 2257 1674 2301 constitutionibus
1691 2259 1775 2301 de-

118 2334 298 2379 claratis
321 2349 402 2378 seu
431 2334 436 2393 Ι
465 2335 750 2378 declarandis
767 2342 1048 2378 contentam.
1071 2336 1261 2391 Insuper
1280 2334 1467 2391 promit-
1496 2335 1502 2393 Ι
1532 2342 1577 2377 to
1597 2335 1775 2391 specia-

118 2413 205 2455 lem
229 2412 535 2455 obedientiam
559 2427 737 2455 summo
754 2412 958 2468 pontifici
988 2412 992 2470 Ι
1022 2412 1143 2455 circa
1160 2411 1399 2455 missiones
1418 2414 1432 2433 ³
1453 2412 1499 2455 in
1518 2412 1642 2455 bulla
1660 2427 1776 2456 con-

122 2496 286 2532 tentas.
314 2491 514 2533 Rursum
543 2504 650 2546 pro—
679 2489 685 2548 Ι
713 2490 845 2532 mitto
864 2505 935 2532 me
959 2489 1250 2532 obediturum
1274 2489 1396 2532 circa
1413 2489 1714 2533 eruditionem
1743 2490 1751 2547 Ι

196 2628 205 2647 ¹
258 2625 370 2660 Prius
390 2626 578 2672 scriptum
597 2626 725 2661 fuerat
744 2638 899 2668 manco,
930 2631 1067 2672 postea
1095 2638 1189 2660 vero
1217 2625 1348 2661 deleto
1376 2638 1429 2667 m,
1458 2638 1556 2660 anco
1583 2632 1774 2661 remanet.

122 2684 200 2719 Sed
219 2685 252 2720 si
271 2697 332 2732 ea,
350 2698 450 2732 quae
470 2686 725 2732 praecedunt>
751 2691 791 2721 et
817 2697 918 2732 quae
945 2690 1256 2731 consequuntur,
1284 2690 1436 2720 attente
1460 2685 1775 2729 considerentur,

122 2744 344 2780 emendatio
363 2746 459 2780 haec
478 2746 715 2792 incompleta
733 2745 904 2791 videtur,
925 2750 965 2780 et
991 2746 1077 2779 1060
1105 2744 1220 2790 hujus
1246 2745 1460 2788 clausulae,
1493 2746 1558 2780 clze
1586 2756 1685 2779 anco
1711 2748 1771 2778 sta

121 2803 204 2838 ben’
224 2805 283 2839 col
300 2806 526 2846 cardinale,
547 2806 645 2840 haec
664 2804 894 2840 sufficienda
913 2804 1086 2839 videtur:
1107 2805 1172 2839 clze
1191 2816 1291 2839 anco
1310 2816 1391 2839 non
1409 2807 1470 2839 sta
1495 2804 1580 2839 ben'
1605 2804 1665 2839 col
1689 2816 1776 2839 car—

123 2863 273 2897 dinale.

192 2925 206 2943 ²
259 2923 317 2957 Ex
336 2925 593 2970 autographo,
614 2924 653 2958 in
672 2935 766 2958 mss.
787 2923 835 2958 S?
850 2924 903 2969 J.,
924 2923 1040 2958 unico
1060 2923 1127 2959 fol.
1148 2923 1188 2957 in
1213 2924 1268 2967 4.⁰

197 2981 211 3001 ³
262 2981 348 3016 Hoc
373 2983 539 3017 verbum
561 2982 883 3028 praetermissum
908 2993 956 3016 ex
981 2981 1197 3026 oblivione,
1223 2980 1380 3026 scripsit
1404 2986 1541 3026 postea
1560 2979 1683 3014 Nadal
1713 2991 1775 3014 su-

127 3048 196 3083 per
215 3039 372 3075 lineam.

309 3111 422 3140 prsr.
446 3112 481 3139 Ρ.
502 3112 635 3146 ΝΑῡΑι,
658 3119 733 3140 rom.
759 3112 780 3139 Ι.
1543 3110 1560 3136 9
