2038 3313
778 170 799 197 2
827 161 996 198 APRlLIS
1027 161 1115 207 1562
1703 162 1772 209 677

894 384 1001 425 191

447 488 517 532 Ρ.
570 488 1122 533 HIERONYMUS
1171 488 1453 532 NADAL

550 594 709 630 PATRI
740 594 1027 632 ALPHoNso
1060 593 1349 631 SALMERON

500 692 914 748 Caesaraugustae,
958 704 981 735 2
1021 690 1192 748 Aprilis
1236 692 1344 746 1562
1374 692 1398 735 ¹.

124 805 153 832 Ι.
186 796 246 832 De
265 798 314 832 P.
335 798 483 834 Araoz:
503 811 578 845 quo
598 802 718 846 pacto
737 811 826 835 cum
852 800 936 846 ipso
960 800 1166 846 agendum
1195 801 1231 834 et
1259 799 1305 834 de
1326 800 1410 847 ipso
1437 800 1691 835 scribendum
1717 800 1774 835 vi-

192 858 354 892 deatur:
373 859 420 893 de
440 859 608 907 collegio
632 871 802 895 romano
825 860 1189 894 sustentanda—2.
1217 859 1278 894 De
1305 862 1436 895 matre
1459 860 1600 895 Patris
1622 860 1775 895 Salme-

193 928 370 963 rom—3.
387 918 448 954 De
463 917 748 966 Clzristoplzoro
766 919 1020 963 Lainez.-—4.
1037 919 1214 965 Exoptat
1230 919 1279 954 P.
1290 918 1428 954 Nadal
1437 922 1482 954 ut
1499 920 1546 954 Ρ.
1560 920 1774 955 Salmeron

190 978 597 1014 conciliotridentino
618 979 880 1023 intersit.—-5.
901 980 1056 1014 Iterum
1077 979 1344 1025 prudentiam
1369 980 1621 1014 commendat
1640 980 1683 1014 in
1708 992 1773 1014 ra—

193 1037 299 1073 tione
322 1039 474 1086 agendi
498 1051 587 1074 cum
614 1040 660 1074 P.
695 1038 933 1074 Arctoa—6.
962 1039 1079 1084 Quae
1104 1039 1151 1074 de
1173 1039 1289 1074 rebus
1313 1039 1361 1074 ab
1380 1040 1464 1086 ipso
1491 1041 1538 1074 P.
1568 1040 1705 1075 Nadal
1729 1040 1773 1074 in

194 1097 400 1144 Hispania
417 1100 580 1134 statutis
604 1101 658 1134 ad
677 1100 725 1134 Ρ.
754 1100 968 1135 Salmeron
990 1100 1312 1145 perscribantur,
1333 1111 1422 1134 cum
1443 1100 1569 1136 Patre
1584 1100 1775 1147 generali

193 1159 540 1194 communicentur
559 1162 723 1206 oportet.
737 1170 811 1204 —7.
832 1160 893 1195 De
912 1161 1084 1206 quodam
1105 1160 1244 1201 Patre,
1261 1160 1332 1206 qui
1345 1163 1561 1205 antequam
1578 1161 1632 1194 ad
1647 1160 1774 1196 Socie-

195 1221 317 1253 tatem
337 1219 635 1261 admitteretur,
657 1220 700 1255 in
721 1221 961 1268 religionem
989 1221 1029 1255 S.
1047 1220 1225 1266 sommis
1249 1222 1428 1267 receptus
1439 1219 1636 1267 fuerat.-
1652 1220 1690 1254 8.
1712 1221 1772 1255 De

194 1278 431 1325 quibusdam
453 1280 625 1327 negotiis
642 1281 695 1315 ad
713 1281 885 1328 collegia
907 1280 1113 1327 Compluti
1130 1283 1166 1315 et
1185 1280 1381 1327 Segoviae
1403 1280 1684 1327 spectantibus·

950 1364 971 1399 †

214 1440 325 1494 Muy
348 1438 463 1482 Rdo.
493 1439 640 1483 Padre
663 1442 752 1482 mio
771 1453 827 1483 en
851 1439 938 1481 X.0

215 1518 312 1560 Pax
334 1515 407 1560 X.i

217 1608 253 1638 Ι.
320 1597 410 1638 Por
433 1595 475 1638 13
498 1598 711 1639 commun
734 1595 747 1615 ‘³
772 1610 801 1651 y
825 1595 867 1638 13
897 1609 987 1650 que
1015 1593 1167 1637 scriuo
1198 1593 1442 1650 particular
1470 1595 1512 1637 al
1545 1596 1596 1637 Ρ.
1624 1595 1659 1637 F
1663 1610 1768 1637 ran—

122 1673 242 1717 cisco
266 1674 280 1694 ⁵
305 1677 413 1717 vera
435 1674 491 1716 V.
519 1675 573 1716 R.
600 1674 643 1716 lo
666 1673 723 1717 de
741 1687 822 1728 por
844 1676 939 1715 aca:
966 1687 1024 1715 no
1047 1679 1167 1716 resta
1185 1671 1313 1728 quasi
1336 1678 1435 1715 otra
1453 1687 1558 1716 cosa
1581 1686 1670 1727 que
1687 1673 1769 1717 de-

123 1751 202 1805 zir,
228 1767 257 1808 y
280 1766 383 1795 crea
406 1753 462 1795 V.
491 1753 544 1794 R.
572 1766 661 1807 que
685 1758 888 1795 tenemos
910 1751 1033 1794 buen
1055 1752 1272 1795 hermano
1296 1767 1352 1794 en
1376 1751 1417 1794 01
1439 1752 1520 1793 Dr.
1548 1751 1713 1803 Araoz,
1740 1766 1769 1807 y

121 1844 209 1885 que
232 1831 290 1873 ha
307 1830 484 1872 andado
508 1844 616 1886 muy
644 1828 750 1873 bien
779 1844 836 1872 en
861 1829 981 1880 todo,
1016 1844 1045 1884 y
1074 1843 1146 1881 va,
1172 1844 1201 1884 y
1229 1844 1289 1871 no
1318 1829 1442 1871 dudo
1472 1827 1570 1871 sino
1594 1843 1682 1883 que
1704 1828 1769 1872 ira

119 1907 313 1964 siempre
335 1922 420 1950 con
442 1908 485 1951 13
508 1906 662 1964 gracia
695 1907 767 1951 del
796 1908 943 1950 Sefior
971 1921 1101 1949 como
1124 1907 1256 1958 deue,
1283 1922 1312 1962 y
1345 1913 1552 1948 nosotros
1584 1906 1766 1949 (105503-

120 2000 218 2028 mos
242 1985 273 2039 ‘'⁴;
299 2001 327 2042 y
351 1992 447 2029 esta
469 1986 704 2040 confianca
726 2000 786 2028 no
805 1985 902 2027 solo
921 1999 969 2027 se
987 1986 1045 2027 ha
1063 1985 1120 2028 de
1139 1991 1265 2028 tener
1283 1984 1371 2036 del,
1394 1999 1489 2027 mas
1512 1998 1560 2026 se
1579 1984 1620 2026 10
1636 1986 1695 2027 ha
1711 1984 1768 2028 de

118 2070 326 2119 mostrar,
353 2079 381 2119 y
404 2078 463 2106 no
485 2063 707 2119 permittir
730 2078 819 2119 que
841 2078 947 2106 cosa
970 2078 1019 2106 se
1041 2062 1192 2105 scriua
1221 2077 1309 2117 que
1339 2077 1397 2105 no
1419 2077 1562 2106 suene
1585 2069 1699 2105 esto.
1726 2064 1766 2105 Y

117 2156 221 2184 crea
243 2143 300 2185 V.
328 2143 381 2185 R.
409 2156 497 2197 que
527 2140 638 2184 Dios
662 2143 720 2185 ha
752 2140 851 2184 sido
885 2140 1207 2197 specialmente
1241 2155 1330 2183 con
1354 2147 1564 2183 nosotros
1589 2155 1643 2184 en
1669 2146 1766 2183 este

118 2218 327 2276 negocio,
353 2235 383 2275 y
411 2234 460 2263 se
490 2221 547 2262 ha
575 2218 771 2262 aclarido
802 2220 815 2240 ⁵
846 2219 889 2261 lo
919 2233 1007 2273 que
1030 2233 1105 2261 era
1135 2217 1278 2261 dificil
1300 2218 1357 2262 de
1386 2225 1485 2260 otra
1508 2232 1693 2260 manera
1715 2232 1765 2261 se

121 2297 279 2356 aclarir
309 2299 347 2351 6;
373 2297 558 2340 bendito
587 2296 699 2340 Dios
726 2303 913 2339 nuestro
936 2297 1097 2340 Senor.
1127 2298 1226 2340 Mas
1254 2295 1381 2348 mire,
1410 2297 1572 2347 Padre,
1606 2309 1694 2350 que
1717 2309 1766 2337 es

120 2382 345 2420 menester
368 2377 501 2419 hazer
524 2374 760 2432 diligentia
783 2389 839 2418 en
863 2389 987 2417 essas
1010 2380 1160 2430 partes
1178 2389 1259 2430 por
1275 2375 1319 2416 la
1333 2373 1564 2430 prouision
1586 2374 1644 2416 de
1666 2388 1766 2416 esse

195 2535 203 2555 ¹
257 2533 315 2567 Ex
335 2532 589 2578 autographo,
607 2529 645 2566 in
660 2531 790 2577 Epist.
808 2530 963 2571 Natat,
982 2530 1036 2571 II,
1058 2529 1204 2576 duplici
1219 2529 1302 2574 fol„
1322 2529 1368 2575 93
1392 2528 1490 2574 (332,
1510 2528 1608 2574 333).
1632 2530 1674 2564 In
1690 2530 1767 2565 ima

118 2605 184 2628 ora
202 2592 348 2639 primae
367 2591 548 2638 paginae,
567 2590 690 2637 ipsius
705 2590 828 2626 Nadal
848 2602 964 2625 manu
984 2595 1142 2625 exarata
1161 2589 1234 2624 fuit
1252 2590 1349 2624 haec
1367 2589 1583 2636 inscriptio:
1608 2590 1654 2624 P.
1678 2591 1766 2625 Sal-

121 2665 275 2696 merom
294 2663 397 2687 nunc
414 2656 561 2697 autem,
580 2663 680 2697 pene
706 2652 913 2697 absumpta
937 2651 1084 2693 charta,
1113 2661 1200 2697 pars
1227 2654 1377 2684 tantum
1403 2650 1545 2695 exigua
1570 2649 1685 2695 hujus
1709 2650 1765 2685 in-

119 2711 342 2760 scriptionis
355 2716 546 2747 remanet.

189 2776 202 2794 ‘2
254 2773 349 2807 Eam
370 2770 640 2805 existimamus
660 2782 763 2817 esse,
782 2783 897 2818 quam
913 2781 1045 2817 supra,
1065 2782 1103 2805 n.
1129 2769 1209 2814 185,
1229 2768 1423 2804 dedimus.

191 2834 204 2853 ⁵
256 2832 368 2866 Hanc
386 2830 549 2876 periisse
569 2829 854 2866 existimamus.

193 2895 207 2914 4
257 2891 359 2926 Vide
378 2901 437 2934 ea,
455 2902 553 2937 quae
573 2890 621 2925 ad
635 2890 753 2926 finem
772 2889 925 2928 numeri
939 2900 961 2938 9
975 2889 1164 2938 epistolae
1179 2888 1453 2937 praecedentis
1472 2889 1761 2932 annotavimus.

195 2955 209 2975 ’5
259 2952 339 2997 Sic,
359 2963 427 2998 pro
445 2951 652 2987 aclarado.
1184 2944 1187 2947 ἢ

196 3015 211 3037 ⁶
260 3012 341 3060 Sic,
364 3023 433 3069 pro
451 3012 631 3056 aclarar,
