2038 3313
237 187 334 215 xle
862 178 1042 213 NOTITIA
1068 185 1258 212 00010011

234 282 311 325 fol.
339 282 364 324 8
388 296 444 334 r.,
471 280 661 337 epistola
683 280 920 335 cujusdam
943 294 969 322 e
991 278 1222 323 Societate
1248 277 1395 320 Patris
1418 278 1474 320 ad
1503 277 1640 321 alium
1673 278 1877 334 ejusdem

237 358 477 404 Societatis
500 358 797 410 sacerdotem,
824 371 913 412 qua
935 356 1184 399 nonnullae
1205 362 1361 398 contra
1385 355 1610 398 Exercitia
1626 355 1882 398 molitiones

237 443 493 480 narrantur.
521 435 696 492 Incipit:
721 437 844 478 «Pax
861 433 985 477 Chri.
1018 435 1023 492 l
1054 435 1151 476 Aca
1168 435 1324 476 hemos
1347 432 1590 476 entendido
1608 448 1697 488 que
1714 433 1756 476 el
1772 447 1881 476 ene-

237 514 360 571 migo
382 529 442 557 no
465 514 567 570 deja
588 514 646 556 de
673 527 889 569 procuras
916 512 974 554 de
1000 513 1135 554 hacer
1162 512 1219 553 de
1250 511 1316 552 135
1345 524 1434 565 que
1461 511 1641 553 suele...
1674 511 1745 553 105
1774 509 1883 552 11105

237 607 320 635 5011
342 592 456 634 3105
478 591 725 635 exercicios
748 591 1051 646 impresos...»
1078 587 1271 631 Desinit:
1303 602 1388 643 «yo
1417 601 1521 630 creo
1550 602 1639 643 que
1666 588 1734 630 los
1762 587 1883 644 celos

237 670 309 713 del
348 670 493 714 Senos
533 670 799 724 Ruygomez
837 681 1031 709 mueven
1067 666 1194 708 todas
1233 672 1352 708 estas
1391 665 1693 720 tempestades
1725 670 1884 706 contra

236 754 460 800 nosotros;
488 761 596 802 pero
618 747 660 790 el
682 747 828 790 Senos
851 746 916 787 las
939 747 1188 787 amansara.
1203 744 1335 784 ›·——In
1357 743 1514 785 eodem
1537 742 1617 784 fol.
1639 757 1703 794 V.,
1725 742 1880 784 eadem

237 840 373 867 manu
403 831 635 867 exaratum
665 824 872 866 habetur:
912 823 1026 864 «Ihs.
1059 820 1064 878 Ι
1094 822 1280 864 Summa
1303 820 1448 862 delos
1476 817 1658 876 lugares
1682 834 1770 874 que
1792 821 1882 861 han

236 903 404 945 notado
427 917 483 945 en
506 902 572 944 los
601 899 860 943 exercicios.
894 898 898 956 Ι
928 900 998 941 En
1026 899 1067 941 la
1098 897 1291 953 primera
1319 896 1437 952 hoja.
1473 896 1718 939 Pastoralis
1747 896 1881 939 officii

236 993 360 1031 cura,
387 986 473 1022 etc.
501 978 694 1021 dilectus
716 976 835 1020 filius
858 975 1063 1033 Ignatius
1086 976 1142 1018 de
1166 974 1341 1030 Loyola
1369 975 1375 1031 Ι
1403 973 1659 1030 prepositus
1688 988 1880 1030 genera—

235 1056 289 1100 lis
313 1056 552 1102 Societatis
569 1057 695 1114 Jesu.
723 1069 812 1111 que
833 1053 966 1097 dicen
989 1067 1079 1108 que
1107 1067 1154 1096 es
1184 1059 1281 1095 esto
1311 1066 1440 1094 como
1470 1051 1750 1094 blasfemia.»
1784 1053 1880 1094 No-

237 1142 391 1178 tantur
412 1149 575 1177 novem
599 1132 928 1176 Exercitiorum
949 1132 1066 1174 loca.
1094 1129 1289 1174 Desinit:
1321 1129 1403 1172 «de
1426 1143 1611 1172 manera
1629 1143 1718 1184 que
1735 1129 1875 1172 011111-

235 1227 319 1268 gar
341 1213 397 1255 de
419 1215 530 1254 esset
550 1212 685 1253 habia
707 1211 764 1253 de
785 1216 905 1253 estar
931 1210 1005 1251 sit.
1019 1227 1035 1247 2>
1063 1208 1279 1251 Clausula
1307 1214 1352 1250 et
1380 1205 1715 1262 subscriptione
1737 1214 1876 1258 caret3

235 1291 315 1333 sed
343 1305 399 1333 ex
427 1296 644 1332 contextu
681 1288 790 1332 satis
819 1288 938 1330 clare
971 1294 1095 1343 patet
1128 1300 1247 1328 anno
1286 1296 1396 1339 1554
1425 1283 1657 1340 Compluti
1691 1284 1878 1341 (Alcalass

232 1367 445 1423 scriptam
469 1366 624 1419 fuisse,
653 1366 842 1409 fortasse
864 1380 890 1408 a
914 1367 966 1408 P.
993 1365 1028 1407 F
1031 1363 1236 1407 rancisco
1266 1362 1538 1406 Villanueva
1566 1362 1623 1404 ad
1646 1363 1699 1405 P.
1726 1362 1880 1405 Anto<

234 1444 360 1488 nium
383 1445 549 1497 Araoz,
575 1443 914 1501 provincialem.
943 1443 1151 1497 Sequens
1176 1442 1271 1493 fol.,
1305 1456 1332 1498 9
1360 1453 1539 1496 nempe,
1570 1453 1766 1482 vacuum
1790 1447 1874 1482 est.

324 1523 364 1579 7)
427 1523 470 1565 A
506 1522 583 1565 fol.
618 1522 672 1563 82
702 1520 861 1564 r.-ad
890 1520 1043 1572 finem,
1070 1519 1244 1571 titulus,
1271 1517 1358 1561 alia
1387 1532 1521 1573 quam
1552 1516 1701 1560 Patris
1734 1517 1879 1560 Nadal

234 1614 371 1643 manu
392 1597 605 1655 scriptus:
650 1600 730 1641 «Ρ.
752 1597 926 1641 Ν313115
949 1596 1158 1653 apologia
1175 1610 1257 1652 pro
1278 1597 1381 1638 Pre.
1402 1593 1583 1651 Ignatio
1602 1601 1759 1637 contra
1780 1609 1878 1636 mo—

233 1678 474 1720 nachum.»
507 1675 512 1734 1
541 1675 702 1732 Incipit
724 1675 947 1731 scriptura
971 1674 1119 1717 Patris
1142 1673 1302 1716 Nadal:
1333 1674 1525 1728 «Perge.
1551 1673 1663 1715 Item
1693 1675 1805 1724 mas,
1831 1686 1879 1714 se

233 1756 290 1797 ha
312 1755 368 1797 de
390 1761 575 1797 notar...
608 1753 613 1811 Ι
642 1753 787 1797 Video
809 1752 917 1808 quid
939 1766 1087 1804 cures,
1114 1751 1221 1806 quid
1246 1750 1419 1793 timeas.
1445 1751 1550 1793 Non
1578 1749 1719 1797 audes
1740 1764 1878 1805 expe-

231 1831 307 1874 riri
330 1832 535 1889 spiritum
558 1831 728 1875 Dei...»
750 1830 954 1886 sequitur
971 1830 1307 1885 autographum
1327 1827 1476 1871 Patris
1493 1828 1655 1880 Nadal,
1677 1828 1784 1883 (uno
1808 1834 1877 1869 ta-

232 1925 336 1953 men
359 1917 507 1954 tractu
529 1925 608 1953 sex
632 1909 857 1961 foliorum,
885 1915 930 1951 et
952 1909 1093 1950 altero
1116 1906 1252 1949 unius
1277 1905 1370 1949 folii
1393 1906 1449 1949 ab
1478 1905 1741 1949 amanuensi
1770 1919 1877 1948 exa-

232 1987 371 2044 ratis),
405 2002 550 2043 usque
577 1988 632 2030 ad
666 1988 801 2030 finem
835 1985 1021 2037 codicis,
1065 1996 1142 2039 145
1173 1983 1352 2027 circiter
1375 1983 1508 2026 foliis.
1541 1982 1712 2028 Ultima
1739 1984 1878 2026 verba

231 2072 354 2108 sunt:
393 2064 652 2121 «quodvipsi
682 2064 928 2107 iudicant.»
968 2063 1231 2107 Succedunt
1267 2062 1317 2105 16
1355 2060 1459 2104 folia
1496 2075 1681 2117 prorsus
1713 2075 1873 2112 vacua,

232 2149 408 2198 praeter
431 2142 640 2185 ultimum
664 2141 929 2198 scripturae,
957 2141 1077 2196 quod
1107 2153 1134 2194 4
1163 2147 1340 2183 tantum
1370 2138 1512 2182 lineas
1540 2138 1587 2181 in
1616 2146 1741 2182 recto
1769 2153 1877 2182 exa—

231 2226 352 2263 ratas
375 2220 526 2263 habet.
553 2221 603 2263 In
627 2219 784 2262 ultimo
816 2219 920 2261 folio
950 2233 1004 2261 ex
1033 2217 1189 2260 vacuis
1218 2225 1285 2260 est
1315 2216 1533 2274 scriptum
1563 2231 1699 2259 manu
1731 2216 1878 2260 Patris

233 2298 394 2341 Nadal:
426 2297 680 2354 «Apologia
702 2312 782 2353 pro
811 2295 1036 2340 exercitiis
1065 2295 1071 2353 Ι
1099 2302 1141 2336 τὰ
1158 2299 1249 2336 ἄλλα
1273 2302 1363 2349 πρὸς·
1387 2303 1447 2346 τὴν
1470 2298 1706 2348 ἀπολογίαν.»

322 2376 450 2418 Η300
468 2374 695 2432 apologia,
711 2374 822 2417 nihil
839 2374 962 2417 aliud
979 2381 1047 2417 est
1064 2388 1198 2429 quam
1216 2373 1537 2430 palimpsestus
1554 2371 1722 2416 codicis
1739 2372 1874 2424 illius,

232 2453 364 2509 cujus
401 2452 750 2509 descriptionem
788 2451 995 2495 dedimus
1024 2451 1069 2493 in
1111 2451 1334 2494 Chronico
1364 2450 1513 2494 Patris
1544 2451 1763 2503 Polanco,
1800 2451 1874 2504 III,

234 2542 334 2584 527,
361 2537 516 2573 annot.
556 2543 592 2582 1,
626 2529 703 2572 ubi
731 2529 842 2572 illud
875 2528 1325 2572 animadvertendum
1355 2536 1439 2581 est,
1471 2528 1674 2571 codicem
1706 2527 1767 2570 ibi
1796 2528 1877 2570 de-

229 2608 447 2664 scriptum
471 2609 785 2664 apographum
808 2621 924 2659 esse,
956 2621 1040 2650 nec
1070 2606 1155 2649 nisi
1185 2606 1525 2650 emendationes
1554 2605 1702 2649 Patris
1731 2606 1878 2648 Nadal

232 2701 367 2729 manu
406 2692 612 2729 exaratas
643 2684 797 2728 fuisse.
832 2684 972 2727 Aliud
1002 2691 1152 2727 tamen
1190 2685 1418 2740 exemplar
1448 2685 1783 2740 autographum
1816 2682 1878 2725 ibi

231 2763 702 2816 commemoravimus,
729 2777 784 2805 ex
810 2764 861 2805 P.
898 2762 1043 2816 Pinio,
1076 2762 1122 2804 in
1152 2763 1278 2804 Actis
1303 2765 1580 2814 sanctorum,
1610 2768 1643 2804 t.
1677 2775 1742 2804 VII
1761 2761 1874 2818 Jul.,

232 2843 349 2884 Acta
374 2842 421 2885 S.
449 2843 568 2897 Ign.,
596 2847 840 2884 comment.
867 2855 1039 2896 praev.,
1072 2855 1115 2881 n.
1150 2841 1221 2891 883
1249 2840 1368 2895 quod
1392 2839 1575 2896 quidem
1598 2854 1655 2882 an
1685 2845 1873 2890 extaret,

231 2926 341 2961 tunc
372 2919 586 2975 temporis
615 2932 797 2974 prorsus
830 2917 1170 2972 ignorabamus
1205 2918 1339 2960 Nunc
1363 2924 1514 2961 autem
1542 2931 1678 2973 supra
1705 2915 1876 2959 descri—

233 3002 361 3053 ptum
385 2996 667 3041 exhibemus.
