<?xml version="1.0" encoding="UTF-8"?>
<!DOCTYPE html PUBLIC "-//W3C//DTD XHTML 1.0 Transitional//EN"
    "http://www.w3.org/TR/xhtml1/DTD/xhtml1-transitional.dtd">
<html xmlns="http://www.w3.org/1999/xhtml" xml:lang="en" lang="en">
 <head>
  <title>
</title>
<meta http-equiv="Content-Type" content="text/html;charset=utf-8" />
  <meta name='ocr-system' content='tesseract 3.04.00' />
  <meta name='ocr-capabilities' content='ocr_page ocr_carea ocr_par ocr_line ocrx_word'/>
</head>
<body>
  <div class='ocr_page' id='page_1' title='image "./epistolaephieron08nada_0088.png"; bbox 0 0 2038 3313; ppageno 0'>
   <div class='ocr_carea' id='block_1_1' title="bbox 237 217 1284 254">
    <p class='ocr_par' dir='ltr' id='par_1_1' title="bbox 237 217 1284 254">
     <span class='ocr_line' id='line_1_1' title="bbox 237 217 1284 254; baseline -0.008 6"><span class='ocrx_word' id='word_1_1' title='bbox 237 227 279 252; x_wconf 86' lang='lat'><strong>10</strong></span> <span class='ocrx_word' id='word_1_2' title='bbox 829 218 995 254; x_wconf 79' lang='lat' dir='ltr'><strong>CHRON.</strong></span> <span class='ocrx_word' id='word_1_3' title='bbox 1024 218 1067 251; x_wconf 89' lang='lat' dir='ltr'><strong>P.</strong></span> <span class='ocrx_word' id='word_1_4' title='bbox 1096 217 1284 252; x_wconf 83' lang='lat' dir='ltr'>NATALIS</span> 
     </span>
    </p>
   </div>
   <div class='ocr_carea' id='block_1_2' title="bbox 231 317 1886 2309">
    <p class='ocr_par' dir='ltr' id='par_1_2' title="bbox 231 317 1883 594">
     <span class='ocr_line' id='line_1_2' title="bbox 235 317 1883 376; baseline 0 -14"><span class='ocrx_word' id='word_1_5' title='bbox 235 319 346 362; x_wconf 87' lang='lat' dir='ltr'>nihil</span> <span class='ocrx_word' id='word_1_6' title='bbox 368 320 497 376; x_wconf 90' lang='lat' dir='ltr'><strong>coepi</strong></span> <span class='ocrx_word' id='word_1_7' title='bbox 519 322 709 374; x_wconf 86' lang='lat' dir='ltr'><strong>habere;</strong></span> <span class='ocrx_word' id='word_1_8' title='bbox 741 335 834 362; x_wconf 93' lang='lat' dir='ltr'><strong>non</strong></span> <span class='ocrx_word' id='word_1_9' title='bbox 862 334 984 362; x_wconf 90' lang='lat' dir='ltr'><strong>eram</strong></span> <span class='ocrx_word' id='word_1_10' title='bbox 1015 326 1167 361; x_wconf 90' lang='lat' dir='ltr'><strong>tamen</strong></span> <span class='ocrx_word' id='word_1_11' title='bbox 1195 318 1323 361; x_wconf 91' lang='lat' dir='ltr'><strong>liber:</strong></span> <span class='ocrx_word' id='word_1_12' title='bbox 1356 317 1529 360; x_wconf 88' lang='lat' dir='ltr'><strong>tentaui</strong></span> <span class='ocrx_word' id='word_1_13' title='bbox 1560 319 1661 360; x_wconf 90' lang='lat' dir='ltr'><strong>hoc</strong></span> <span class='ocrx_word' id='word_1_14' title='bbox 1681 325 1883 374; x_wconf 91' lang='lat' dir='ltr'><strong>tempore</strong></span> 
     </span>
     <span class='ocr_line' id='line_1_3' title="bbox 233 394 1879 453; baseline -0.001 -13"><span class='ocrx_word' id='word_1_15' title='bbox 233 396 270 440; x_wconf 91' lang='lat' dir='ltr'><strong>si</strong></span> <span class='ocrx_word' id='word_1_16' title='bbox 300 412 479 453; x_wconf 90' lang='lat' dir='ltr'><strong>possem</strong></span> <span class='ocrx_word' id='word_1_17' title='bbox 509 412 565 440; x_wconf 87' lang='lat' dir='ltr'><strong>ex</strong></span> <span class='ocrx_word' id='word_1_18' title='bbox 604 397 748 453; x_wconf 89' lang='lat' dir='ltr'><strong>patria</strong></span> <span class='ocrx_word' id='word_1_19' title='bbox 778 399 967 440; x_wconf 81' lang='lat' dir='ltr'>Romam</span> <span class='ocrx_word' id='word_1_20' title='bbox 996 394 1247 448; x_wconf 81' lang='lat' dir='ltr'><strong>discedere,</strong></span> <span class='ocrx_word' id='word_1_21' title='bbox 1283 396 1363 438; x_wconf 89' lang='lat' dir='ltr'><strong>sed</strong></span> <span class='ocrx_word' id='word_1_22' title='bbox 1386 394 1498 437; x_wconf 87' lang='lat' dir='ltr'>nihil</span> <span class='ocrx_word' id='word_1_23' title='bbox 1527 396 1677 437; x_wconf 91' lang='lat' dir='ltr'><strong>adhuc</strong></span> <span class='ocrx_word' id='word_1_24' title='bbox 1709 396 1836 439; x_wconf 91' lang='lat' dir='ltr'><strong>lubet</strong></span> <span class='ocrx_word' id='word_1_25' title='bbox 1869 398 1879 417; x_wconf 91' lang='lat'><strong>¹</strong></span> 
     </span>
     <span class='ocr_line' id='line_1_4' title="bbox 231 471 1877 529; baseline 0 -13"><span class='ocrx_word' id='word_1_26' title='bbox 231 474 469 529; x_wconf 90' lang='lat' dir='ltr'><strong>profectio,</strong></span> <span class='ocrx_word' id='word_1_27' title='bbox 496 489 654 517; x_wconf 90' lang='lat' dir='ltr'><strong>verum</strong></span> <span class='ocrx_word' id='word_1_28' title='bbox 678 475 692 495; x_wconf 70' lang='lat'><strong>²</strong></span> <span class='ocrx_word' id='word_1_29' title='bbox 719 473 940 517; x_wconf 89' lang='lat' dir='ltr'><strong>deterruit</strong></span> <span class='ocrx_word' id='word_1_30' title='bbox 962 487 1035 515; x_wconf 90' lang='lat' dir='ltr'><strong>me</strong></span> <span class='ocrx_word' id='word_1_31' title='bbox 1056 474 1352 515; x_wconf 89' lang='lat' dir='ltr'><strong>vehementer</strong></span> <span class='ocrx_word' id='word_1_32' title='bbox 1375 471 1575 515; x_wconf 91' lang='lat' dir='ltr'><strong>Moreius</strong></span> <span class='ocrx_word' id='word_1_33' title='bbox 1603 474 1877 517; x_wconf 87' lang='lat' dir='ltr'><strong>auunculus:</strong></span> 
     </span>
     <span class='ocr_line' id='line_1_5' title="bbox 233 551 735 594; baseline -0.002 0"><span class='ocrx_word' id='word_1_34' title='bbox 233 553 429 594; x_wconf 90' lang='lat' dir='ltr'><strong>verbum</strong></span> <span class='ocrx_word' id='word_1_35' title='bbox 452 566 545 594; x_wconf 92' lang='lat' dir='ltr'><strong>non</strong></span> <span class='ocrx_word' id='word_1_36' title='bbox 568 551 735 594; x_wconf 91' lang='lat' dir='ltr'><strong>addidi.</strong></span> 
     </span>
    </p>

    <p class='ocr_par' dir='ltr' id='par_1_3' title="bbox 234 627 1885 1611">
     <span class='ocr_line' id='line_1_6' title="bbox 324 627 1882 683; baseline -0.001 -12"><span class='ocrx_word' id='word_1_37' title='bbox 324 630 395 671; x_wconf 83' lang='lat'><strong>28.</strong></span> <span class='ocrx_word' id='word_1_38' title='bbox 461 629 567 672; x_wconf 85' lang='lat' dir='ltr'>Fuit</span> <span class='ocrx_word' id='word_1_39' title='bbox 590 636 742 671; x_wconf 88' lang='lat' dir='ltr'><strong>autem</strong></span> <span class='ocrx_word' id='word_1_40' title='bbox 771 627 894 670; x_wconf 92' lang='lat' dir='ltr'><strong>aliud</strong></span> <span class='ocrx_word' id='word_1_41' title='bbox 923 642 1071 683; x_wconf 90' lang='lat' dir='ltr'><strong>genus</strong></span> <span class='ocrx_word' id='word_1_42' title='bbox 1100 627 1291 683; x_wconf 88' lang='lat' dir='ltr'><strong>gratiae,</strong></span> <span class='ocrx_word' id='word_1_43' title='bbox 1318 641 1408 682; x_wconf 89' lang='lat' dir='ltr'><strong>quo</strong></span> <span class='ocrx_word' id='word_1_44' title='bbox 1437 634 1595 683; x_wconf 91' lang='lat' dir='ltr'><strong>postea</strong></span> <span class='ocrx_word' id='word_1_45' title='bbox 1624 641 1695 669; x_wconf 92' lang='lat' dir='ltr'><strong>me</strong></span> <span class='ocrx_word' id='word_1_46' title='bbox 1724 641 1882 682; x_wconf 89' lang='lat' dir='ltr'><strong>prose-</strong></span> 
     </span>
     <span class='ocr_line' id='line_1_7' title="bbox 234 703 1884 764; baseline -0.002 -15"><span class='ocrx_word' id='word_1_47' title='bbox 234 712 370 749; x_wconf 88' lang='lat' dir='ltr'><strong>cutus</strong></span> <span class='ocrx_word' id='word_1_48' title='bbox 390 708 534 758; x_wconf 91' lang='lat' dir='ltr'><strong>Deus,</strong></span> <span class='ocrx_word' id='word_1_49' title='bbox 556 720 695 761; x_wconf 90' lang='lat' dir='ltr'><strong>quum</strong></span> <span class='ocrx_word' id='word_1_50' title='bbox 719 705 794 748; x_wconf 89' lang='lat' dir='ltr'><strong>illa</strong></span> <span class='ocrx_word' id='word_1_51' title='bbox 817 704 980 761; x_wconf 88' lang='lat' dir='ltr'><strong>gratia,</strong></span> <span class='ocrx_word' id='word_1_52' title='bbox 1007 719 1142 760; x_wconf 92' lang='lat' dir='ltr'><strong>quam</strong></span> <span class='ocrx_word' id='word_1_53' title='bbox 1161 704 1217 764; x_wconf 83' lang='lat' dir='ltr'><strong>[a]</strong></span> <span class='ocrx_word' id='word_1_54' title='bbox 1235 704 1436 760; x_wconf 90' lang='lat' dir='ltr'><strong>benigna</strong></span> <span class='ocrx_word' id='word_1_55' title='bbox 1453 703 1551 747; x_wconf 89' lang='lat' dir='ltr'><strong>eius</strong></span> <span class='ocrx_word' id='word_1_56' title='bbox 1568 718 1706 746; x_wconf 92' lang='lat' dir='ltr'><strong>manu</strong></span> <span class='ocrx_word' id='word_1_57' title='bbox 1729 703 1884 760; x_wconf 91' lang='lat' dir='ltr'><strong>accepi</strong></span> 
     </span>
     <span class='ocr_line' id='line_1_8' title="bbox 235 780 1885 833; baseline -0.002 -7"><span class='ocrx_word' id='word_1_58' title='bbox 235 797 291 826; x_wconf 85' lang='lat' dir='ltr'><strong>ex</strong></span> <span class='ocrx_word' id='word_1_59' title='bbox 315 783 521 826; x_wconf 91' lang='lat' dir='ltr'><strong>oratione</strong></span> <span class='ocrx_word' id='word_1_60' title='bbox 545 785 597 825; x_wconf 78' lang='lat' dir='ltr'><strong>B.</strong></span> <span class='ocrx_word' id='word_1_61' title='bbox 626 782 918 825; x_wconf 88' lang='lat' dir='ltr'><strong>Elizabethae</strong></span> <span class='ocrx_word' id='word_1_62' title='bbox 939 789 984 825; x_wconf 90' lang='lat' dir='ltr'><strong>et</strong></span> <span class='ocrx_word' id='word_1_63' title='bbox 1009 781 1106 824; x_wconf 89' lang='lat' dir='ltr'><strong>eius</strong></span> <span class='ocrx_word' id='word_1_64' title='bbox 1128 781 1238 833; x_wconf 88' lang='lat' dir='ltr'><strong>vita,</strong></span> <span class='ocrx_word' id='word_1_65' title='bbox 1270 796 1447 824; x_wconf 91' lang='lat' dir='ltr'><strong>summa</strong></span> <span class='ocrx_word' id='word_1_66' title='bbox 1475 781 1651 823; x_wconf 90' lang='lat' dir='ltr'><strong>fuisset.</strong></span> <span class='ocrx_word' id='word_1_67' title='bbox 1679 780 1885 823; x_wconf 82' lang='lat' dir='ltr'><strong>Intellexi</strong></span> 
     </span>
     <span class='ocr_line' id='line_1_9' title="bbox 234 857 1885 915; baseline -0.002 -12"><span class='ocrx_word' id='word_1_68' title='bbox 234 862 291 904; x_wconf 92' lang='lat' dir='ltr'><strong>de</strong></span> <span class='ocrx_word' id='word_1_69' title='bbox 320 862 371 903; x_wconf 92' lang='lat' dir='ltr'><strong>F.</strong></span> <span class='ocrx_word' id='word_1_70' title='bbox 406 860 630 912; x_wconf 87' lang='lat' dir='ltr'><strong>Antonio,</strong></span> <span class='ocrx_word' id='word_1_71' title='bbox 673 859 881 912; x_wconf 81' lang='lat' dir='ltr'><strong>eremita,</strong></span> <span class='ocrx_word' id='word_1_72' title='bbox 922 866 1060 915; x_wconf 91' lang='lat' dir='ltr'><strong>atque</strong></span> <span class='ocrx_word' id='word_1_73' title='bbox 1097 860 1210 902; x_wconf 90' lang='lat' dir='ltr'><strong>adeo</strong></span> <span class='ocrx_word' id='word_1_74' title='bbox 1247 860 1540 911; x_wconf 74' lang='lat' dir='ltr'><strong>anachoreta,</strong></span> <span class='ocrx_word' id='word_1_75' title='bbox 1582 858 1660 913; x_wconf 90' lang='lat' dir='ltr'><strong>qui</strong></span> <span class='ocrx_word' id='word_1_76' title='bbox 1697 857 1885 900; x_wconf 83' lang='lat' dir='ltr'><strong>viuebat</strong></span> 
     </span>
     <span class='ocr_line' id='line_1_10' title="bbox 234 934 1883 993; baseline -0.002 -13"><span class='ocrx_word' id='word_1_77' title='bbox 234 937 428 993; x_wconf 90' lang='lat' dir='ltr'><strong>primum</strong></span> <span class='ocrx_word' id='word_1_78' title='bbox 450 937 497 979; x_wconf 92' lang='lat' dir='ltr'><strong>in</strong></span> <span class='ocrx_word' id='word_1_79' title='bbox 520 944 667 989; x_wconf 89' lang='lat' dir='ltr'><strong>antro,</strong></span> <span class='ocrx_word' id='word_1_80' title='bbox 694 936 799 979; x_wconf 93' lang='lat' dir='ltr'><strong>dein</strong></span> <span class='ocrx_word' id='word_1_81' title='bbox 822 936 935 979; x_wconf 82' lang='lat' dir='ltr'><strong>vixit</strong></span> <span class='ocrx_word' id='word_1_82' title='bbox 957 936 1003 977; x_wconf 90' lang='lat' dir='ltr'><strong>in</strong></span> <span class='ocrx_word' id='word_1_83' title='bbox 1027 935 1239 989; x_wconf 88' lang='lat' dir='ltr'><strong>cisterna,</strong></span> <span class='ocrx_word' id='word_1_84' title='bbox 1265 943 1423 992; x_wconf 90' lang='lat' dir='ltr'><strong>postea</strong></span> <span class='ocrx_word' id='word_1_85' title='bbox 1446 934 1671 978; x_wconf 81' lang='lat' dir='ltr'><strong>concessit</strong></span> <span class='ocrx_word' id='word_1_86' title='bbox 1694 935 1752 977; x_wconf 92' lang='lat' dir='ltr'><strong>ad</strong></span> <span class='ocrx_word' id='word_1_87' title='bbox 1780 934 1883 977; x_wconf 87' lang='lat' dir='ltr'><strong>Tri-</strong></span> 
     </span>
     <span class='ocr_line' id='line_1_11' title="bbox 236 1012 1882 1069; baseline -0.002 -12"><span class='ocrx_word' id='word_1_88' title='bbox 236 1014 390 1057; x_wconf 91' lang='lat' dir='ltr'><strong>nitatis</strong></span> <span class='ocrx_word' id='word_1_89' title='bbox 412 1015 597 1057; x_wconf 92' lang='lat' dir='ltr'><strong>domum</strong></span> <span class='ocrx_word' id='word_1_90' title='bbox 621 1021 665 1056; x_wconf 90' lang='lat' dir='ltr'><strong>et</strong></span> <span class='ocrx_word' id='word_1_91' title='bbox 687 1013 938 1069; x_wconf 79' lang='lat' dir='ltr'><strong>praedium.</strong></span> <span class='ocrx_word' id='word_1_92' title='bbox 967 1012 1056 1056; x_wconf 92' lang='lat' dir='ltr'><strong>Hic</strong></span> <span class='ocrx_word' id='word_1_93' title='bbox 1078 1027 1297 1069; x_wconf 91' lang='lat' dir='ltr'><strong>magnum</strong></span> <span class='ocrx_word' id='word_1_94' title='bbox 1327 1019 1565 1068; x_wconf 87' lang='lat' dir='ltr'><strong>acceperat</strong></span> <span class='ocrx_word' id='word_1_95' title='bbox 1597 1027 1623 1055; x_wconf 91' lang='lat' dir='ltr'><strong>a</strong></span> <span class='ocrx_word' id='word_1_96' title='bbox 1644 1014 1744 1055; x_wconf 91' lang='lat' dir='ltr'><strong>Deo</strong></span> <span class='ocrx_word' id='word_1_97' title='bbox 1779 1026 1882 1054; x_wconf 92' lang='lat' dir='ltr'><strong>ora-</strong></span> 
     </span>
     <span class='ocr_line' id='line_1_12' title="bbox 237 1088 1885 1144; baseline -0.002 -10"><span class='ocrx_word' id='word_1_98' title='bbox 237 1091 372 1134; x_wconf 84' lang='lat' dir='ltr'><strong>tionis</strong></span> <span class='ocrx_word' id='word_1_99' title='bbox 410 1092 602 1144; x_wconf 92' lang='lat' dir='ltr'><strong>donum,</strong></span> <span class='ocrx_word' id='word_1_100' title='bbox 645 1106 734 1134; x_wconf 91' lang='lat' dir='ltr'><strong>non</strong></span> <span class='ocrx_word' id='word_1_101' title='bbox 775 1090 1090 1143; x_wconf 79' lang='lat' dir='ltr'><strong>monachismi,</strong></span> <span class='ocrx_word' id='word_1_102' title='bbox 1132 1105 1236 1133; x_wconf 88' lang='lat' dir='ltr'><strong>nam</strong></span> <span class='ocrx_word' id='word_1_103' title='bbox 1277 1089 1347 1133; x_wconf 91' lang='lat' dir='ltr'><strong>bis</strong></span> <span class='ocrx_word' id='word_1_104' title='bbox 1385 1089 1511 1133; x_wconf 83' lang='lat' dir='ltr'><strong>exuit</strong></span> <span class='ocrx_word' id='word_1_105' title='bbox 1548 1089 1753 1132; x_wconf 91' lang='lat' dir='ltr'><strong>habitum</strong></span> <span class='ocrx_word' id='word_1_106' title='bbox 1786 1088 1885 1132; x_wconf 91' lang='lat' dir='ltr'><strong>diui</strong></span> 
     </span>
     <span class='ocr_line' id='line_1_13' title="bbox 237 1166 1878 1222; baseline -0.001 -12"><span class='ocrx_word' id='word_1_107' title='bbox 237 1170 272 1211; x_wconf 84' lang='lat' dir='ltr'>F</span> <span class='ocrx_word' id='word_1_108' title='bbox 275 1168 484 1221; x_wconf 89' lang='lat' dir='ltr'><strong>rancisci,</strong></span> <span class='ocrx_word' id='word_1_109' title='bbox 521 1168 721 1211; x_wconf 89' lang='lat' dir='ltr'><strong>nouitius</strong></span> <span class='ocrx_word' id='word_1_110' title='bbox 746 1176 913 1211; x_wconf 90' lang='lat' dir='ltr'><strong>tamen.</strong></span> <span class='ocrx_word' id='word_1_111' title='bbox 940 1169 1059 1211; x_wconf 88' lang='lat' dir='ltr'><strong>Rara</strong></span> <span class='ocrx_word' id='word_1_112' title='bbox 1081 1168 1167 1210; x_wconf 90' lang='lat' dir='ltr'><strong>alia</strong></span> <span class='ocrx_word' id='word_1_113' title='bbox 1188 1168 1307 1210; x_wconf 92' lang='lat' dir='ltr'><strong>dona</strong></span> <span class='ocrx_word' id='word_1_114' title='bbox 1330 1183 1356 1210; x_wconf 90' lang='lat' dir='ltr'><strong>a</strong></span> <span class='ocrx_word' id='word_1_115' title='bbox 1382 1166 1582 1210; x_wconf 91' lang='lat' dir='ltr'><strong>Domino</strong></span> <span class='ocrx_word' id='word_1_116' title='bbox 1611 1166 1878 1222; x_wconf 87' lang='lat' dir='ltr'><strong>accipiebat.</strong></span> 
     </span>
     <span class='ocr_line' id='line_1_14' title="bbox 238 1244 1884 1302; baseline -0.001 -14"><span class='ocrx_word' id='word_1_117' title='bbox 238 1246 328 1289; x_wconf 90' lang='lat' dir='ltr'><strong>Hic</strong></span> <span class='ocrx_word' id='word_1_118' title='bbox 363 1246 472 1288; x_wconf 92' lang='lat' dir='ltr'><strong>mihi</strong></span> <span class='ocrx_word' id='word_1_119' title='bbox 510 1246 699 1289; x_wconf 88' lang='lat' dir='ltr'><strong>mirifice</strong></span> <span class='ocrx_word' id='word_1_120' title='bbox 728 1245 878 1302; x_wconf 90' lang='lat' dir='ltr'><strong>coepit</strong></span> <span class='ocrx_word' id='word_1_121' title='bbox 907 1247 1101 1301; x_wconf 91' lang='lat' dir='ltr'><strong>placere:</strong></span> <span class='ocrx_word' id='word_1_122' title='bbox 1133 1246 1325 1301; x_wconf 81' lang='lat' dir='ltr'><strong>agebam</strong></span> <span class='ocrx_word' id='word_1_123' title='bbox 1358 1245 1553 1288; x_wconf 85' lang='lat' dir='ltr'><strong>libenter</strong></span> <span class='ocrx_word' id='word_1_124' title='bbox 1586 1259 1689 1287; x_wconf 92' lang='lat' dir='ltr'><strong>cum</strong></span> <span class='ocrx_word' id='word_1_125' title='bbox 1720 1244 1796 1286; x_wconf 94' lang='grc'>1110</span> <span class='ocrx_word' id='word_1_126' title='bbox 1823 1245 1884 1287; x_wconf 89' lang='lat' dir='ltr'><strong>de</strong></span> 
     </span>
     <span class='ocr_line' id='line_1_15' title="bbox 236 1320 1883 1379; baseline -0.002 -13"><span class='ocrx_word' id='word_1_127' title='bbox 236 1323 441 1366; x_wconf 87' lang='lat' dir='ltr'><strong>oratione</strong></span> <span class='ocrx_word' id='word_1_128' title='bbox 468 1330 513 1366; x_wconf 94' lang='lat' dir='ltr'><strong>et</strong></span> <span class='ocrx_word' id='word_1_129' title='bbox 540 1324 678 1367; x_wconf 88' lang='lat' dir='ltr'><strong>rebus</strong></span> <span class='ocrx_word' id='word_1_130' title='bbox 706 1322 1032 1379; x_wconf 89' lang='lat' dir='ltr'><strong>spiritualibus,</strong></span> <span class='ocrx_word' id='word_1_131' title='bbox 1065 1322 1199 1366; x_wconf 91' lang='lat' dir='ltr'><strong>etiam</strong></span> <span class='ocrx_word' id='word_1_132' title='bbox 1230 1322 1268 1365; x_wconf 91' lang='lat' dir='ltr'><strong>si</strong></span> <span class='ocrx_word' id='word_1_133' title='bbox 1296 1323 1471 1364; x_wconf 91' lang='lat' dir='ltr'><strong>nullum</strong></span> <span class='ocrx_word' id='word_1_134' title='bbox 1499 1322 1669 1364; x_wconf 91' lang='lat' dir='ltr'><strong>donum</strong></span> <span class='ocrx_word' id='word_1_135' title='bbox 1702 1320 1748 1363; x_wconf 93' lang='lat' dir='ltr'><strong>in</strong></span> <span class='ocrx_word' id='word_1_136' title='bbox 1778 1336 1883 1364; x_wconf 89' lang='lat' dir='ltr'><strong>ora—</strong></span> 
     </span>
     <span class='ocr_line' id='line_1_16' title="bbox 239 1398 1884 1456; baseline -0.001 -14"><span class='ocrx_word' id='word_1_137' title='bbox 239 1400 360 1444; x_wconf 89' lang='lat' dir='ltr'><strong>tione</strong></span> <span class='ocrx_word' id='word_1_138' title='bbox 390 1400 681 1456; x_wconf 85' lang='lat' dir='ltr'><strong>accepissem:</strong></span> <span class='ocrx_word' id='word_1_139' title='bbox 724 1401 909 1456; x_wconf 91' lang='lat' dir='ltr'><strong>specula</strong></span> <span class='ocrx_word' id='word_1_140' title='bbox 947 1399 1022 1442; x_wconf 90' lang='lat' dir='ltr'><strong>illa</strong></span> <span class='ocrx_word' id='word_1_141' title='bbox 1049 1406 1160 1451; x_wconf 93' lang='lat' dir='ltr'><strong>erat,</strong></span> <span class='ocrx_word' id='word_1_142' title='bbox 1193 1414 1284 1442; x_wconf 93' lang='lat' dir='ltr'><strong>non</strong></span> <span class='ocrx_word' id='word_1_143' title='bbox 1322 1414 1484 1442; x_wconf 90' lang='lat' dir='ltr'><strong>sensus</strong></span> <span class='ocrx_word' id='word_1_144' title='bbox 1521 1398 1722 1454; x_wconf 88' lang='lat' dir='ltr'><strong>spiritus,</strong></span> <span class='ocrx_word' id='word_1_145' title='bbox 1765 1399 1884 1441; x_wconf 89' lang='lat' dir='ltr'><strong>vnde</strong></span> 
     </span>
     <span class='ocr_line' id='line_1_17' title="bbox 237 1475 1883 1534; baseline -0.001 -15"><span class='ocrx_word' id='word_1_146' title='bbox 237 1492 341 1519; x_wconf 94' lang='lat' dir='ltr'><strong>cum</strong></span> <span class='ocrx_word' id='word_1_147' title='bbox 364 1477 439 1520; x_wconf 93' lang='grc'>1110</span> <span class='ocrx_word' id='word_1_148' title='bbox 463 1479 671 1534; x_wconf 83' lang='lat' dir='ltr'><strong>agebam:</strong></span> <span class='ocrx_word' id='word_1_149' title='bbox 697 1478 898 1534; x_wconf 83' lang='lat' dir='ltr'><strong>legeram</strong></span> <span class='ocrx_word' id='word_1_150' title='bbox 922 1487 1018 1520; x_wconf 91' lang='lat' dir='ltr'><strong>tum</strong></span> <span class='ocrx_word' id='word_1_151' title='bbox 1041 1476 1245 1520; x_wconf 90' lang='lat' dir='ltr'><strong>studiose</strong></span> <span class='ocrx_word' id='word_1_152' title='bbox 1266 1476 1424 1519; x_wconf 89' lang='lat' dir='ltr'><strong>diuum</strong></span> <span class='ocrx_word' id='word_1_153' title='bbox 1451 1475 1724 1531; x_wconf 88' lang='lat' dir='ltr'><strong>Dionysium</strong></span> <span class='ocrx_word' id='word_1_154' title='bbox 1753 1489 1883 1518; x_wconf 88' lang='lat' dir='ltr'><strong>areo-</strong></span> 
     </span>
     <span class='ocr_line' id='line_1_18' title="bbox 237 1554 454 1611; baseline 0.005 -15"><span class='ocrx_word' id='word_1_155' title='bbox 237 1554 454 1611; x_wconf 88' lang='lat' dir='ltr'><strong>pagitam.</strong></span> 
     </span>
    </p>

    <p class='ocr_par' dir='ltr' id='par_1_4' title="bbox 236 1630 1886 2309">
     <span class='ocr_line' id='line_1_19' title="bbox 329 1630 1882 1689; baseline -0.003 -14"><span class='ocrx_word' id='word_1_156' title='bbox 329 1644 399 1689; x_wconf 79' lang='lat'><strong>29.</strong></span> <span class='ocrx_word' id='word_1_157' title='bbox 467 1632 644 1676; x_wconf 87' lang='lat' dir='ltr'><strong>Secessi</strong></span> <span class='ocrx_word' id='word_1_158' title='bbox 667 1633 724 1674; x_wconf 91' lang='lat' dir='ltr'><strong>ad</strong></span> <span class='ocrx_word' id='word_1_159' title='bbox 747 1631 982 1675; x_wconf 86' lang='lat' dir='ltr'><strong>Trinitatis</strong></span> <span class='ocrx_word' id='word_1_160' title='bbox 1011 1633 1212 1684; x_wconf 91' lang='lat' dir='ltr'><strong>domum,</strong></span> <span class='ocrx_word' id='word_1_161' title='bbox 1238 1639 1288 1674; x_wconf 87' lang='lat' dir='ltr'><strong>vt</strong></span> <span class='ocrx_word' id='word_1_162' title='bbox 1309 1646 1413 1674; x_wconf 93' lang='lat' dir='ltr'><strong>cum</strong></span> <span class='ocrx_word' id='word_1_163' title='bbox 1442 1633 1528 1674; x_wconf 92' lang='lat' dir='ltr'><strong>hoc</strong></span> <span class='ocrx_word' id='word_1_164' title='bbox 1557 1630 1743 1674; x_wconf 89' lang='lat' dir='ltr'><strong>eremita</strong></span> <span class='ocrx_word' id='word_1_165' title='bbox 1772 1630 1882 1672; x_wconf 91' lang='lat' dir='ltr'><strong>faci—</strong></span> 
     </span>
     <span class='ocr_line' id='line_1_20' title="bbox 236 1708 1882 1763; baseline -0.001 -12"><span class='ocrx_word' id='word_1_166' title='bbox 236 1709 324 1752; x_wconf 90' lang='lat' dir='ltr'><strong>lius</strong></span> <span class='ocrx_word' id='word_1_167' title='bbox 346 1711 560 1753; x_wconf 91' lang='lat' dir='ltr'><strong>haberem</strong></span> <span class='ocrx_word' id='word_1_168' title='bbox 585 1710 978 1763; x_wconf 89' lang='lat' dir='ltr'><strong>consuetudinem;</strong></span> <span class='ocrx_word' id='word_1_169' title='bbox 1005 1710 1051 1752; x_wconf 91' lang='lat' dir='ltr'><strong>in</strong></span> <span class='ocrx_word' id='word_1_170' title='bbox 1067 1709 1234 1752; x_wconf 90' lang='lat' dir='ltr'><strong>vicinia</strong></span> <span class='ocrx_word' id='word_1_171' title='bbox 1256 1709 1376 1753; x_wconf 89' lang='lat' dir='ltr'><strong>enim</strong></span> <span class='ocrx_word' id='word_1_172' title='bbox 1398 1708 1632 1751; x_wconf 91' lang='lat' dir='ltr'><strong>habitabat</strong></span> <span class='ocrx_word' id='word_1_173' title='bbox 1654 1708 1701 1750; x_wconf 92' lang='lat' dir='ltr'><strong>in</strong></span> <span class='ocrx_word' id='word_1_174' title='bbox 1723 1708 1882 1751; x_wconf 90' lang='lat' dir='ltr'><strong>cister-</strong></span> 
     </span>
     <span class='ocr_line' id='line_1_21' title="bbox 239 1786 1882 1843; baseline -0.001 -14"><span class='ocrx_word' id='word_1_175' title='bbox 239 1802 312 1840; x_wconf 84' lang='lat' dir='ltr'><strong>na3</strong></span> <span class='ocrx_word' id='word_1_176' title='bbox 333 1787 466 1830; x_wconf 89' lang='lat' dir='ltr'><strong>simul</strong></span> <span class='ocrx_word' id='word_1_177' title='bbox 483 1795 533 1830; x_wconf 90' lang='lat' dir='ltr'><strong>vt</strong></span> <span class='ocrx_word' id='word_1_178' title='bbox 550 1787 712 1830; x_wconf 91' lang='lat' dir='ltr'><strong>studiis</strong></span> <span class='ocrx_word' id='word_1_179' title='bbox 729 1802 938 1831; x_wconf 88' lang='lat' dir='ltr'><strong>vacarem</strong></span> <span class='ocrx_word' id='word_1_180' title='bbox 957 1789 989 1830; x_wconf 77' lang='lat'><strong>⁵.</strong></span> <span class='ocrx_word' id='word_1_181' title='bbox 1012 1787 1102 1831; x_wconf 91' lang='lat' dir='ltr'><strong>Hic</strong></span> <span class='ocrx_word' id='word_1_182' title='bbox 1119 1787 1296 1843; x_wconf 90' lang='lat' dir='ltr'><strong>incoepi</strong></span> <span class='ocrx_word' id='word_1_183' title='bbox 1314 1786 1397 1829; x_wconf 81' lang='lat' dir='ltr'><strong>niti</strong></span> <span class='ocrx_word' id='word_1_184' title='bbox 1415 1788 1471 1829; x_wconf 92' lang='lat' dir='ltr'><strong>ad</strong></span> <span class='ocrx_word' id='word_1_185' title='bbox 1494 1786 1758 1829; x_wconf 90' lang='lat' dir='ltr'><strong>orationem:</strong></span> <span class='ocrx_word' id='word_1_186' title='bbox 1780 1800 1882 1827; x_wconf 92' lang='lat' dir='ltr'><strong>sum</strong></span> 
     </span>
     <span class='ocr_line' id='line_1_22' title="bbox 238 1864 1882 1922; baseline -0.001 -15"><span class='ocrx_word' id='word_1_187' title='bbox 238 1864 372 1907; x_wconf 91' lang='lat' dir='ltr'><strong>etiam</strong></span> <span class='ocrx_word' id='word_1_188' title='bbox 392 1872 553 1908; x_wconf 91' lang='lat' dir='ltr'><strong>nactus</strong></span> <span class='ocrx_word' id='word_1_189' title='bbox 575 1865 740 1908; x_wconf 91' lang='lat' dir='ltr'><strong>librum</strong></span> <span class='ocrx_word' id='word_1_190' title='bbox 763 1865 864 1908; x_wconf 90' lang='lat' dir='ltr'><strong>viae</strong></span> <span class='ocrx_word' id='word_1_191' title='bbox 886 1865 1087 1922; x_wconf 89' lang='lat' dir='ltr'><strong>spiritus,</strong></span> <span class='ocrx_word' id='word_1_192' title='bbox 1120 1865 1197 1921; x_wconf 92' lang='lat' dir='ltr'><strong>qui</strong></span> <span class='ocrx_word' id='word_1_193' title='bbox 1225 1865 1334 1907; x_wconf 93' lang='lat' dir='ltr'><strong>mihi</strong></span> <span class='ocrx_word' id='word_1_194' title='bbox 1362 1867 1655 1908; x_wconf 91' lang='lat' dir='ltr'><strong>vehementer</strong></span> <span class='ocrx_word' id='word_1_195' title='bbox 1683 1878 1737 1907; x_wconf 91' lang='lat' dir='ltr'><strong>eo</strong></span> <span class='ocrx_word' id='word_1_196' title='bbox 1767 1870 1882 1906; x_wconf 86' lang='lat' dir='ltr'><strong>tem-</strong></span> 
     </span>
     <span class='ocr_line' id='line_1_23' title="bbox 238 1942 1885 1999; baseline 0 -15"><span class='ocrx_word' id='word_1_197' title='bbox 238 1957 346 1998; x_wconf 92' lang='lat' dir='ltr'><strong>pore</strong></span> <span class='ocrx_word' id='word_1_198' title='bbox 368 1942 530 1986; x_wconf 88' lang='lat' dir='ltr'><strong>arrisit.</strong></span> <span class='ocrx_word' id='word_1_199' title='bbox 560 1945 730 1999; x_wconf 89' lang='lat' dir='ltr'><strong>Magna</strong></span> <span class='ocrx_word' id='word_1_200' title='bbox 751 1958 807 1986; x_wconf 84' lang='lat' dir='ltr'><strong>ex</strong></span> <span class='ocrx_word' id='word_1_201' title='bbox 830 1951 958 1999; x_wconf 92' lang='lat' dir='ltr'><strong>parte</strong></span> <span class='ocrx_word' id='word_1_202' title='bbox 990 1944 1054 1986; x_wconf 87' lang='lat' dir='ltr'><strong>fui</strong></span> <span class='ocrx_word' id='word_1_203' title='bbox 1077 1944 1152 1986; x_wconf 92' lang='lat' dir='ltr'><strong>illa</strong></span> <span class='ocrx_word' id='word_1_204' title='bbox 1180 1943 1427 1986; x_wconf 90' lang='lat' dir='ltr'><strong>acerbitate</strong></span> <span class='ocrx_word' id='word_1_205' title='bbox 1455 1943 1649 1985; x_wconf 90' lang='lat' dir='ltr'><strong>leuatus:</strong></span> <span class='ocrx_word' id='word_1_206' title='bbox 1683 1956 1741 1984; x_wconf 92' lang='lat' dir='ltr'><strong>ne</strong></span> <span class='ocrx_word' id='word_1_207' title='bbox 1770 1942 1885 1984; x_wconf 90' lang='lat' dir='ltr'><strong>adeo</strong></span> 
     </span>
     <span class='ocr_line' id='line_1_24' title="bbox 239 2018 1884 2076; baseline 0 -15"><span class='ocrx_word' id='word_1_208' title='bbox 239 2034 310 2062; x_wconf 90' lang='lat' dir='ltr'><strong>me</strong></span> <span class='ocrx_word' id='word_1_209' title='bbox 333 2019 556 2076; x_wconf 87' lang='lat' dir='ltr'><strong>affligeret</strong></span> <span class='ocrx_word' id='word_1_210' title='bbox 581 2020 774 2064; x_wconf 89' lang='lat' dir='ltr'><strong>faciebat</strong></span> <span class='ocrx_word' id='word_1_211' title='bbox 796 2021 870 2064; x_wconf 92' lang='lat' dir='ltr'><strong>illa</strong></span> <span class='ocrx_word' id='word_1_212' title='bbox 892 2021 1106 2074; x_wconf 89' lang='lat' dir='ltr'><strong>solitudo,</strong></span> <span class='ocrx_word' id='word_1_213' title='bbox 1132 2021 1419 2064; x_wconf 88' lang='lat' dir='ltr'><strong>consuetudo</strong></span> <span class='ocrx_word' id='word_1_214' title='bbox 1442 2020 1562 2062; x_wconf 89' lang='lat' dir='ltr'><strong>illius</strong></span> <span class='ocrx_word' id='word_1_215' title='bbox 1586 2019 1693 2062; x_wconf 92' lang='lat' dir='ltr'><strong>boni</strong></span> <span class='ocrx_word' id='word_1_216' title='bbox 1722 2018 1884 2062; x_wconf 86' lang='lat' dir='ltr'><strong>eremi—</strong></span> 
     </span>
     <span class='ocr_line' id='line_1_25' title="bbox 239 2095 1886 2154; baseline -0.001 -15"><span class='ocrx_word' id='word_1_217' title='bbox 239 2104 326 2140; x_wconf 89' lang='lat' dir='ltr'><strong>tae.</strong></span> <span class='ocrx_word' id='word_1_218' title='bbox 354 2099 512 2152; x_wconf 86' lang='lat' dir='ltr'><strong>Itaque</strong></span> <span class='ocrx_word' id='word_1_219' title='bbox 535 2113 627 2140; x_wconf 91' lang='lat' dir='ltr'><strong>non</strong></span> <span class='ocrx_word' id='word_1_220' title='bbox 650 2098 920 2141; x_wconf 86' lang='lat' dir='ltr'><strong>discesserat</strong></span> <span class='ocrx_word' id='word_1_221' title='bbox 941 2098 1016 2141; x_wconf 91' lang='lat' dir='ltr'><strong>illa</strong></span> <span class='ocrx_word' id='word_1_222' title='bbox 1046 2097 1302 2154; x_wconf 88' lang='lat' dir='ltr'><strong>aegritudo,</strong></span> <span class='ocrx_word' id='word_1_223' title='bbox 1335 2098 1415 2140; x_wconf 90' lang='lat' dir='ltr'><strong>sed</strong></span> <span class='ocrx_word' id='word_1_224' title='bbox 1443 2096 1771 2140; x_wconf 87' lang='lat' dir='ltr'><strong>intermittebat</strong></span> <span class='ocrx_word' id='word_1_225' title='bbox 1803 2095 1886 2138; x_wconf 83' lang='lat' dir='ltr'><strong>ali-</strong></span> 
     </span>
     <span class='ocr_line' id='line_1_26' title="bbox 240 2173 1882 2231; baseline -0.001 -15"><span class='ocrx_word' id='word_1_226' title='bbox 240 2175 438 2229; x_wconf 88' lang='lat' dir='ltr'><strong>quando,</strong></span> <span class='ocrx_word' id='word_1_227' title='bbox 466 2174 644 2217; x_wconf 92' lang='lat' dir='ltr'><strong>tametsi</strong></span> <span class='ocrx_word' id='word_1_228' title='bbox 667 2190 846 2231; x_wconf 89' lang='lat' dir='ltr'><strong>semper</strong></span> <span class='ocrx_word' id='word_1_229' title='bbox 868 2182 964 2218; x_wconf 91' lang='lat' dir='ltr'><strong>erat</strong></span> <span class='ocrx_word' id='word_1_230' title='bbox 986 2176 1191 2218; x_wconf 87' lang='lat' dir='ltr'><strong>molesta.</strong></span> <span class='ocrx_word' id='word_1_231' title='bbox 1212 2174 1278 2217; x_wconf 93' lang='lat' dir='ltr'><strong>Ibi</strong></span> <span class='ocrx_word' id='word_1_232' title='bbox 1299 2174 1426 2217; x_wconf 90' lang='lat' dir='ltr'><strong>venit</strong></span> <span class='ocrx_word' id='word_1_233' title='bbox 1442 2174 1582 2217; x_wconf 91' lang='lat' dir='ltr'><strong>semel</strong></span> <span class='ocrx_word' id='word_1_234' title='bbox 1603 2173 1650 2216; x_wconf 94' lang='lat' dir='ltr'><strong>in</strong></span> <span class='ocrx_word' id='word_1_235' title='bbox 1667 2180 1882 2225; x_wconf 91' lang='lat' dir='ltr'><strong>mentem,</strong></span> 
     </span>
     <span class='ocr_line' id='line_1_27' title="bbox 240 2250 1886 2309; baseline 0.001 -17"><span class='ocrx_word' id='word_1_236' title='bbox 240 2250 350 2293; x_wconf 90' lang='lat' dir='ltr'><strong>socii</strong></span> <span class='ocrx_word' id='word_1_237' title='bbox 373 2251 510 2306; x_wconf 90' lang='lat' dir='ltr'><strong>aliqui</strong></span> <span class='ocrx_word' id='word_1_238' title='bbox 534 2252 699 2294; x_wconf 90' lang='lat' dir='ltr'><strong>alicubi</strong></span> <span class='ocrx_word' id='word_1_239' title='bbox 721 2267 913 2309; x_wconf 90' lang='lat' dir='ltr'><strong>peregre</strong></span> <span class='ocrx_word' id='word_1_240' title='bbox 935 2252 1300 2304; x_wconf 89' lang='lat' dir='ltr'><strong>conueniremus,</strong></span> <span class='ocrx_word' id='word_1_241' title='bbox 1326 2259 1372 2294; x_wconf 93' lang='lat' dir='ltr'><strong>et</strong></span> <span class='ocrx_word' id='word_1_242' title='bbox 1400 2253 1672 2294; x_wconf 89' lang='lat' dir='ltr'><strong>haberemus</strong></span> <span class='ocrx_word' id='word_1_243' title='bbox 1704 2250 1781 2293; x_wconf 88' lang='lat' dir='ltr'><strong>vbi</strong></span> <span class='ocrx_word' id='word_1_244' title='bbox 1812 2264 1886 2293; x_wconf 89' lang='lat' dir='ltr'><strong>se—</strong></span> 
     </span>
    </p>
   </div>
   <div class='ocr_carea' id='block_1_3' title="bbox 372 2376 511 2379">
    <p class='ocr_par' dir='ltr' id='par_1_5' title="bbox 372 2376 511 2379">
     <span class='ocr_line' id='line_1_28' title="bbox 372 2376 511 2379; baseline 0 0"><span class='ocrx_word' id='word_1_245' title='bbox 372 2376 511 2379; x_wconf 95' lang='lat' dir='ltr'><strong> </strong></span> 
     </span>
    </p>
   </div>
   <div class='ocr_carea' id='block_1_4' title="bbox 242 2441 1887 2548">
    <p class='ocr_par' dir='ltr' id='par_1_6' title="bbox 242 2441 1887 2548">
     <span class='ocr_line' id='line_1_29' title="bbox 317 2441 1887 2490; baseline 0.001 -16"><span class='ocrx_word' id='word_1_246' title='bbox 317 2444 323 2462; x_wconf 93' lang='lat'><strong>¹</strong></span> <span class='ocrx_word' id='word_1_247' title='bbox 377 2441 465 2475; x_wconf 92' lang='lat' dir='ltr'><strong>Non</strong></span> <span class='ocrx_word' id='word_1_248' title='bbox 483 2441 597 2476; x_wconf 82' lang='lat' dir='ltr'><strong>facile</strong></span> <span class='ocrx_word' id='word_1_249' title='bbox 616 2442 786 2477; x_wconf 87' lang='lat' dir='ltr'><strong>discerni</strong></span> <span class='ocrx_word' id='word_1_250' title='bbox 806 2448 937 2489; x_wconf 89' lang='lat' dir='ltr'><strong>potest</strong></span> <span class='ocrx_word' id='word_1_251' title='bbox 955 2442 1049 2490; x_wconf 90' lang='lat' dir='ltr'><strong>quid</strong></span> <span class='ocrx_word' id='word_1_252' title='bbox 1072 2442 1136 2477; x_wconf 92' lang='lat' dir='ltr'><strong>hic</strong></span> <span class='ocrx_word' id='word_1_253' title='bbox 1161 2442 1334 2478; x_wconf 70' lang='lat' dir='ltr'><strong>scribere</strong></span> <span class='ocrx_word' id='word_1_254' title='bbox 1360 2442 1530 2477; x_wconf 85' lang='lat' dir='ltr'><strong>voluerit</strong></span> <span class='ocrx_word' id='word_1_255' title='bbox 1548 2441 1671 2476; x_wconf 86' lang='lat' dir='ltr'><strong>Nadal</strong></span> <span class='ocrx_word' id='word_1_256' title='bbox 1700 2453 1749 2476; x_wconf 91' lang='lat' dir='ltr'><strong>an</strong></span> <span class='ocrx_word' id='word_1_257' title='bbox 1771 2441 1887 2476; x_wconf 77' lang='lat' dir='ltr'><strong>habet</strong></span> 
     </span>
     <span class='ocr_line' id='line_1_30' title="bbox 242 2501 776 2548; baseline 0 -13"><span class='ocrx_word' id='word_1_258' title='bbox 242 2502 305 2535; x_wconf 91' lang='lat' dir='ltr'><strong>vel</strong></span> <span class='ocrx_word' id='word_1_259' title='bbox 325 2501 430 2535; x_wconf 75' lang='lat' dir='ltr'><strong>lubet</strong></span> <span class='ocrx_word' id='word_1_260' title='bbox 449 2502 510 2535; x_wconf 83' lang='lat' dir='ltr'><strong>vel</strong></span> <span class='ocrx_word' id='word_1_261' title='bbox 530 2502 623 2548; x_wconf 90' lang='lat' dir='ltr'><strong>quid</strong></span> <span class='ocrx_word' id='word_1_262' title='bbox 641 2502 776 2537; x_wconf 65' lang='lat' dir='ltr'><strong>aliud„</strong></span> 
     </span>
    </p>
   </div>
   <div class='ocr_carea' id='block_1_5' title="bbox 243 2559 1893 2905">
    <p class='ocr_par' dir='ltr' id='par_1_7' title="bbox 243 2559 1886 2666">
     <span class='ocr_line' id='line_1_31' title="bbox 313 2559 1886 2609; baseline 0 -13"><span class='ocrx_word' id='word_1_263' title='bbox 313 2563 326 2581; x_wconf 67' lang='lat'><strong>‘³</strong></span> <span class='ocrx_word' id='word_1_264' title='bbox 377 2559 556 2596; x_wconf 88' lang='lat' dir='ltr'><strong>Obscure</strong></span> <span class='ocrx_word' id='word_1_265' title='bbox 576 2574 733 2607; x_wconf 89' lang='lat' dir='ltr'><strong>prorsus</strong></span> <span class='ocrx_word' id='word_1_266' title='bbox 764 2568 966 2598; x_wconf 84' lang='lat' dir='ltr'><strong>exaratum</strong></span> <span class='ocrx_word' id='word_1_267' title='bbox 986 2568 1046 2598; x_wconf 85' lang='lat' dir='ltr'><strong>est</strong></span> <span class='ocrx_word' id='word_1_268' title='bbox 1070 2564 1143 2597; x_wconf 93' lang='lat' dir='ltr'><strong>hoc</strong></span> <span class='ocrx_word' id='word_1_269' title='bbox 1168 2563 1347 2606; x_wconf 81' lang='lat' dir='ltr'><strong>verbum3</strong></span> <span class='ocrx_word' id='word_1_270' title='bbox 1368 2562 1471 2597; x_wconf 86' lang='lat' dir='ltr'><strong>unde</strong></span> <span class='ocrx_word' id='word_1_271' title='bbox 1500 2562 1630 2609; x_wconf 90' lang='lat' dir='ltr'><strong>potius</strong></span> <span class='ocrx_word' id='word_1_272' title='bbox 1649 2561 1886 2606; x_wconf 88' lang='lat' dir='ltr'><strong>divinamus,</strong></span> 
     </span>
     <span class='ocr_line' id='line_1_32' title="bbox 243 2620 737 2666; baseline 0.004 -12"><span class='ocrx_word' id='word_1_273' title='bbox 243 2632 360 2666; x_wconf 85' lang='lat' dir='ltr'><strong>quam</strong></span> <span class='ocrx_word' id='word_1_274' title='bbox 380 2620 562 2664; x_wconf 86' lang='lat' dir='ltr'><strong>legimus,</strong></span> <span class='ocrx_word' id='word_1_275' title='bbox 583 2634 737 2657; x_wconf 67' lang='lat' dir='ltr'><strong>vertam.</strong></span> 
     </span>
    </p>

    <p class='ocr_par' dir='ltr' id='par_1_8' title="bbox 243 2679 1893 2905">
     <span class='ocr_line' id='line_1_33' title="bbox 315 2679 1890 2728; baseline 0.001 -16"><span class='ocrx_word' id='word_1_276' title='bbox 315 2682 328 2700; x_wconf 76' lang='lat'>5</span> <span class='ocrx_word' id='word_1_277' title='bbox 381 2679 583 2715; x_wconf 87' lang='lat' dir='ltr'><strong>«Cansado</strong></span> <span class='ocrx_word' id='word_1_278' title='bbox 602 2683 720 2727; x_wconf 86' lang='lat' dir='ltr'><strong>algun</strong></span> <span class='ocrx_word' id='word_1_279' title='bbox 747 2688 855 2717; x_wconf 91' lang='lat' dir='ltr'><strong>tanto</strong></span> <span class='ocrx_word' id='word_1_280' title='bbox 879 2682 927 2717; x_wconf 91' lang='lat' dir='ltr'><strong>de</strong></span> <span class='ocrx_word' id='word_1_281' title='bbox 953 2684 1010 2717; x_wconf 91' lang='lat' dir='ltr'><strong>las</strong></span> <span class='ocrx_word' id='word_1_282' title='bbox 1030 2688 1157 2718; x_wconf 88' lang='lat' dir='ltr'><strong>tareas</strong></span> <span class='ocrx_word' id='word_1_283' title='bbox 1180 2682 1387 2726; x_wconf 87' lang='lat' dir='ltr'><strong>literarias,</strong></span> <span class='ocrx_word' id='word_1_284' title='bbox 1407 2685 1501 2728; x_wconf 84' lang='lat' dir='ltr'><strong>paso</strong></span> <span class='ocrx_word' id='word_1_285' title='bbox 1526 2693 1618 2728; x_wconf 84' lang='lat' dir='ltr'><strong>para</strong></span> <span class='ocrx_word' id='word_1_286' title='bbox 1642 2692 1842 2715; x_wconf 87' lang='lat' dir='ltr'><strong>recrearse</strong></span> <span class='ocrx_word' id='word_1_287' title='bbox 1868 2682 1890 2715; x_wconf 77' lang='lat' dir='ltr'><strong>a</strong></span> 
     </span>
     <span class='ocr_line' id='line_1_34' title="bbox 243 2740 1891 2785; baseline 0 -11"><span class='ocrx_word' id='word_1_288' title='bbox 243 2751 319 2775; x_wconf 85' lang='lat' dir='ltr'><strong>una</strong></span> <span class='ocrx_word' id='word_1_289' title='bbox 335 2740 472 2785; x_wconf 80' lang='lat' dir='ltr'><strong>granja</strong></span> <span class='ocrx_word' id='word_1_290' title='bbox 490 2740 538 2775; x_wconf 86' lang='lat' dir='ltr'><strong>de</strong></span> <span class='ocrx_word' id='word_1_291' title='bbox 559 2741 825 2785; x_wconf 85' lang='lat' dir='ltr'><strong>Valldemusa,</strong></span> <span class='ocrx_word' id='word_1_292' title='bbox 845 2754 958 2777; x_wconf 86' lang='lat' dir='ltr'><strong>cerea</strong></span> <span class='ocrx_word' id='word_1_293' title='bbox 976 2743 1012 2777; x_wconf 91' lang='lat' dir='ltr'><strong>la</strong></span> <span class='ocrx_word' id='word_1_294' title='bbox 1030 2742 1196 2777; x_wconf 87' lang='lat' dir='ltr'><strong>hermita</strong></span> <span class='ocrx_word' id='word_1_295' title='bbox 1214 2741 1262 2776; x_wconf 87' lang='lat' dir='ltr'><strong>de</strong></span> <span class='ocrx_word' id='word_1_296' title='bbox 1278 2741 1479 2785; x_wconf 89' lang='lat' dir='ltr'><strong>Trinidad,</strong></span> <span class='ocrx_word' id='word_1_297' title='bbox 1500 2741 1628 2776; x_wconf 90' lang='lat' dir='ltr'><strong>donde</strong></span> <span class='ocrx_word' id='word_1_298' title='bbox 1643 2743 1744 2776; x_wconf 80' lang='lat' dir='ltr'><strong>trato</strong></span> <span class='ocrx_word' id='word_1_299' title='bbox 1762 2751 1836 2774; x_wconf 89' lang='lat' dir='ltr'><strong>con</strong></span> <span class='ocrx_word' id='word_1_300' title='bbox 1855 2740 1891 2774; x_wconf 89' lang='lat' dir='ltr'><strong>el</strong></span> 
     </span>
     <span class='ocr_line' id='line_1_35' title="bbox 244 2798 1893 2848; baseline 0.001 -15"><span class='ocrx_word' id='word_1_301' title='bbox 244 2800 293 2834; x_wconf 88' lang='lat' dir='ltr'><strong>V.</strong></span> <span class='ocrx_word' id='word_1_302' title='bbox 319 2800 362 2834; x_wconf 90' lang='lat' dir='ltr'><strong>P.</strong></span> <span class='ocrx_word' id='word_1_303' title='bbox 397 2799 570 2835; x_wconf 88' lang='lat' dir='ltr'><strong>Antonio</strong></span> <span class='ocrx_word' id='word_1_304' title='bbox 603 2800 894 2836; x_wconf 71' lang='lat' dir='ltr'><strong>Castaneda...»</strong></span> <span class='ocrx_word' id='word_1_305' title='bbox 928 2802 1077 2848; x_wconf 78' lang='lat' dir='ltr'><strong>FURIO,</strong></span> <span class='ocrx_word' id='word_1_306' title='bbox 1102 2802 1336 2843; x_wconf 82' lang='lat' dir='ltr'><strong>Memorias,</strong></span> <span class='ocrx_word' id='word_1_307' title='bbox 1358 2801 1425 2836; x_wconf 93' lang='lat' dir='ltr'><strong>ubi</strong></span> <span class='ocrx_word' id='word_1_308' title='bbox 1450 2802 1636 2836; x_wconf 89' lang='lat' dir='ltr'><strong>nonnulla</strong></span> <span class='ocrx_word' id='word_1_309' title='bbox 1660 2798 1893 2845; x_wconf 86' lang='lat' dir='ltr'><strong>corrigenda</strong></span> 
     </span>
     <span class='ocr_line' id='line_1_36' title="bbox 245 2859 1892 2905; baseline 0 -11"><span class='ocrx_word' id='word_1_310' title='bbox 245 2865 350 2903; x_wconf 84' lang='lat' dir='ltr'><strong>sunt,</strong></span> <span class='ocrx_word' id='word_1_311' title='bbox 371 2872 419 2894; x_wconf 83' lang='lat' dir='ltr'><strong>ex</strong></span> <span class='ocrx_word' id='word_1_312' title='bbox 439 2861 565 2895; x_wconf 83' lang='lat' dir='ltr'><strong>Patris</strong></span> <span class='ocrx_word' id='word_1_313' title='bbox 585 2861 707 2895; x_wconf 86' lang='lat' dir='ltr'><strong>Nadal</strong></span> <span class='ocrx_word' id='word_1_314' title='bbox 731 2861 946 2905; x_wconf 75' lang='lat' dir='ltr'><strong>Clzronico,·</strong></span> <span class='ocrx_word' id='word_1_315' title='bbox 964 2874 1042 2897; x_wconf 90' lang='lat' dir='ltr'><strong>non</strong></span> <span class='ocrx_word' id='word_1_316' title='bbox 1061 2862 1165 2897; x_wconf 88' lang='lat' dir='ltr'><strong>enim</strong></span> <span class='ocrx_word' id='word_1_317' title='bbox 1184 2862 1232 2896; x_wconf 90' lang='lat' dir='ltr'><strong>ad</strong></span> <span class='ocrx_word' id='word_1_318' title='bbox 1250 2861 1408 2896; x_wconf 91' lang='lat' dir='ltr'><strong>domum</strong></span> <span class='ocrx_word' id='word_1_319' title='bbox 1426 2861 1630 2896; x_wconf 88' lang='lat' dir='ltr'><strong>Trinitatis</strong></span> <span class='ocrx_word' id='word_1_320' title='bbox 1650 2859 1829 2903; x_wconf 87' lang='lat' dir='ltr'><strong>secessit,</strong></span> <span class='ocrx_word' id='word_1_321' title='bbox 1849 2865 1892 2894; x_wconf 89' lang='lat' dir='ltr'><strong>ut</strong></span> 
     </span>
    </p>
   </div>
   <div class='ocr_carea' id='block_1_6' title="bbox 244 2918 1956 2968">
    <p class='ocr_par' dir='ltr' id='par_1_9' title="bbox 244 2918 1956 2968">
     <span class='ocr_line' id='line_1_37' title="bbox 244 2918 1956 2968; baseline 0 -15"><span class='ocrx_word' id='word_1_322' title='bbox 244 2918 417 2954; x_wconf 89' lang='lat' dir='ltr'><strong>animum</strong></span> <span class='ocrx_word' id='word_1_323' title='bbox 436 2921 645 2964; x_wconf 84' lang='lat' dir='ltr'><strong>relaxaret,</strong></span> <span class='ocrx_word' id='word_1_324' title='bbox 666 2921 735 2955; x_wconf 90' lang='lat' dir='ltr'><strong>sed</strong></span> <span class='ocrx_word' id='word_1_325' title='bbox 754 2926 796 2955; x_wconf 88' lang='lat' dir='ltr'><strong>ut</strong></span> <span class='ocrx_word' id='word_1_326' title='bbox 820 2923 938 2956; x_wconf 87' lang='lat' dir='ltr'><strong>rebus</strong></span> <span class='ocrx_word' id='word_1_327' title='bbox 958 2922 1228 2968; x_wconf 85' lang='lat' dir='ltr'><strong>spiritualibus</strong></span> <span class='ocrx_word' id='word_1_328' title='bbox 1248 2927 1287 2957; x_wconf 88' lang='lat' dir='ltr'><strong>et</strong></span> <span class='ocrx_word' id='word_1_329' title='bbox 1314 2921 1531 2956; x_wconf 83' lang='lat' dir='ltr'><strong>litterarum</strong></span> <span class='ocrx_word' id='word_1_330' title='bbox 1558 2920 1697 2956; x_wconf 86' lang='lat' dir='ltr'><strong>studiis</strong></span> <span class='ocrx_word' id='word_1_331' title='bbox 1718 2924 1889 2954; x_wconf 89' lang='lat' dir='ltr'><strong>vacaret.</strong></span> <span class='ocrx_word' id='word_1_332' title='bbox 1953 2918 1956 2921; x_wconf 71' lang='grc'><strong>’</strong></span> 
     </span>
    </p>
   </div>
   <div class='ocr_carea' id='block_1_7' title="bbox 245 2978 1889 3073">
    <p class='ocr_par' dir='ltr' id='par_1_10' title="bbox 245 2978 1889 3073">
     <span class='ocr_line' id='line_1_38' title="bbox 247 2978 1889 3028; baseline 0 -15"><span class='ocrx_word' id='word_1_333' title='bbox 247 2978 336 3013; x_wconf 83' lang='lat' dir='ltr'><strong>Alia</strong></span> <span class='ocrx_word' id='word_1_334' title='bbox 355 2979 514 3025; x_wconf 88' lang='lat' dir='ltr'><strong>insuper</strong></span> <span class='ocrx_word' id='word_1_335' title='bbox 532 2979 660 3014; x_wconf 89' lang='lat' dir='ltr'><strong>minus</strong></span> <span class='ocrx_word' id='word_1_336' title='bbox 686 2987 866 3015; x_wconf 83' lang='lat' dir='ltr'><strong>accurate</strong></span> <span class='ocrx_word' id='word_1_337' title='bbox 892 2981 946 3016; x_wconf 90' lang='lat' dir='ltr'><strong>ibi</strong></span> <span class='ocrx_word' id='word_1_338' title='bbox 973 2981 1117 3027; x_wconf 89' lang='lat' dir='ltr'><strong>scripta</strong></span> <span class='ocrx_word' id='word_1_339' title='bbox 1143 2981 1332 3028; x_wconf 87' lang='lat' dir='ltr'><strong>reperies,</strong></span> <span class='ocrx_word' id='word_1_340' title='bbox 1359 2980 1392 3016; x_wconf 90' lang='lat' dir='ltr'><strong>si</strong></span> <span class='ocrx_word' id='word_1_341' title='bbox 1418 2992 1507 3015; x_wconf 90' lang='lat' dir='ltr'><strong>cum</strong></span> <span class='ocrx_word' id='word_1_342' title='bbox 1525 2981 1598 3015; x_wconf 94' lang='lat' dir='ltr'><strong>hoc</strong></span> <span class='ocrx_word' id='word_1_343' title='bbox 1627 2979 1824 3015; x_wconf 75' lang='lat' dir='ltr'><strong>Chronico</strong></span> <span class='ocrx_word' id='word_1_344' title='bbox 1843 2990 1889 3014; x_wconf 88' lang='lat' dir='ltr'><strong>ea</strong></span> 
     </span>
     <span class='ocr_line' id='line_1_39' title="bbox 245 3037 437 3073; baseline 0 0"><span class='ocrx_word' id='word_1_345' title='bbox 245 3037 437 3073; x_wconf 87' lang='lat' dir='ltr'><strong>conferas.</strong></span> 
     </span>
    </p>
   </div>
  </div>
 </body>
</html>
