2038 3313
783 243 823 277 21
855 233 1073 271 Ocrossms
1105 242 1196 278 1552
1750 235 1821 271 133

149 338 218 380 -de
240 351 432 393 persone
456 335 716 388 miserabili,
742 349 823 392 per
851 336 892 378 le
916 335 1049 391 quale
1071 334 1328 391 bisognaua
1350 336 1515 391 parlar’
1548 342 1593 378 et
1622 335 1818 380 interce-

158 415 258 457 der'
285 428 372 456 con
396 414 490 458 Sua
513 415 668 465 Exc.a,
689 419 734 456 et
752 414 898 456 anche
915 427 994 468 per
1011 426 1205 468 persone
1222 411 1415 468 potenti,
1438 411 1512 455 alli
1531 412 1654 468 quali
1672 428 1764 456 non
1781 414 1818 457 si

164 498 296 548 potea
318 493 497 547 negar',
523 497 569 534 et
591 490 685 533 cosi
708 504 800 532 non
822 491 898 543 ho,
924 490 981 532 ne
1010 488 1260 545 predicato,
1292 489 1350 532 ne
1380 489 1491 532 letto
1520 488 1566 531 in
1599 489 1814 542 Messina,

162 569 221 611 ne
243 569 503 612 confessato
526 582 668 611 senon
690 569 835 623 poche
855 581 1047 622 persone
1069 566 1185 608 oltra
1208 566 1281 609 del
1303 565 1472 619 vicere,
1499 565 1530 608 il
1553 573 1688 609 conte
1710 575 1754 609 et
1777 568 1819 610 la

163 648 395 697 contessa,
431 652 477 688 et
508 646 552 688 la
585 651 725 701 gente
759 644 804 687 di
833 659 960 697 casa,
993 650 1039 686 et
1076 644 1273 687 uolendo
1307 643 1462 686 lassar’
1497 658 1589 687 vno
1622 650 1820 687 extratto

163 723 280 767 delle
303 722 619 766 constitutioni
642 737 722 779 per
744 737 828 765 uso
850 722 895 764 di
917 722 1068 777 quello
1085 720 1296 777 collegio,
1318 735 1411 764 non
1434 722 1540 777 pote
1557 736 1607 764 se
1624 735 1716 764 non
1734 722 1815 764 far’

150 801 311 856 *quelle
334 799 615 844 annotationi
638 802 723 843 che
746 799 927 843 mandai
946 800 1032 842 alla
1050 800 1103 842 P.
1127 799 1184 841 V.
1218 799 1227 819 ¹
1247 805 1293 841 et
1316 801 1468 841 tamen
1491 799 1578 842 alla
1600 805 1819 854 partenza

149 877 293 921 lassai
316 879 513 921 alchune
534 879 690 934 regole
712 893 738 921 3
760 876 1057 921 similitudine
1079 877 1136 920 de
1165 875 1499 929 constitutioni,
1525 876 1619 919 fino
1642 891 1668 919 a
1691 883 1817 919 tanto

160 957 246 999 6116
268 970 403 1011 possa
419 956 751 998 accommodar’
771 955 813 998 16
830 952 1162 1006 constitutioni,
1183 953 1257 996 all’
1279 967 1362 996 uso
1384 952 1430 995 di
1447 952 1597 1008 questi
1615 953 1812 1009 collegii,

159 1047 289 1076 come
313 1033 388 1089 gia
410 1034 470 1075 ho
493 1032 812 1076 comminciato
835 1033 866 1076 ².

251 1121 292 1166 5.
359 1110 412 1154 Li
435 1111 578 1154 nostri
601 1110 779 1163 nouitii,
806 1111 897 1153 fina
920 1125 945 1153 3
967 1109 1147 1162 undeci,
1176 1110 1274 1153 fece
1296 1109 1454 1153 uestir'
1474 1109 1532 1152 de
1548 1109 1692 1151 robbe
1714 1109 1815 1151 lon-

161 1191 270 1245 ghe,
303 1190 471 1244 perche
499 1203 548 1232 se
577 1188 615 1231 si
644 1189 767 1230 fusse
795 1188 908 1230 fatto
930 1187 976 1229 in
1005 1186 1211 1230 absentia
1232 1187 1305 1229 del
1326 1186 1493 1238 vicere,
1521 1192 1702 1229 temeua
1730 1187 1816 1229 che

161 1265 345 1310 alchuni
367 1265 473 1308 delli
491 1265 619 1321 padri
642 1279 733 1307 non
756 1264 793 1308 si
818 1265 995 1308 fussero
1019 1263 1172 1316 mossi,
1198 1271 1307 1317 etc.;
1333 1279 1405 1307 ma
1427 1278 1540 1306 sono
1563 1270 1682 1306 stato
1706 1262 1813 1306 tutti

158 1345 297 1386 molto
330 1342 550 1395 contenti,
587 1342 633 1384 in
664 1342 794 1385 fuora
822 1343 895 1385 del
926 1342 1065 1398 padre
1093 1342 1150 1384 de
1179 1342 1314 1385 Carlo
1342 1343 1377 1384 F
1381 1355 1562 1393 araone,
1596 1341 1638 1383 31
1676 1341 1811 1396 quale

148 1426 311 1464 tamen
332 1420 363 1463 li
385 1423 445 1463 ho
469 1421 658 1477 parlato,
684 1419 927 1471 satisfatto,
954 1427 1062 1472 etc.;
1083 1420 1201 1461 vltra
1218 1418 1263 1461 di
1281 1425 1445 1474 questo
1462 1433 1553 1461 non
1570 1417 1601 1460 li
1618 1420 1678 1461 ho
1697 1419 1810 1460 fatto

157 1498 352 1542 scholari
374 1498 491 1541 della
521 1496 821 1553 Compagnia3
855 1496 1111 1540 altramenti
1140 1511 1199 1539 ne
1230 1498 1288 1538 ho
1319 1496 1432 1538 fatto
1461 1494 1714 1538 coadiutori
1746 1495 1811 1537 al-

156 1576 311 1628 chuni,
337 1576 549 1619 lassando
573 1582 751 1631 questO,
778 1581 824 1618 et
846 1576 992 1617 anche
1007 1574 1064 1617 de
1083 1574 1164 1616 far’
1185 1574 1382 1616 alchuno
1399 1572 1604 1629 professo
1621 1573 1708 1616 alla
1726 1586 1810 1614 ue-

156 1661 267 1696 nuta
289 1654 362 1696 del
386 1655 438 1696 P.
474 1654 520 1696 M
529 1663 584 1695 ‚ro
614 1652 897 1708 Hieronymo
919 1653 1201 1695 Domenech.

246 1732 287 1774 6.
356 1732 430 1774 Ho
453 1731 621 1774 lassato
651 1732 762 1773 Μ.Υο
799 1729 1003 1773 Antonio
1034 1730 1048 1750 ³
1079 1736 1263 1781 rettore,
1291 1736 1336 1772 et
1367 1730 1478 1772 Μ.ΥΟ
1508 1728 1764 1787 Benedetto
1794 1728 1809 1748 ⁴

157 1809 413 1852 collaterale
430 1822 517 1851 con
534 1808 577 1851 la
592 1822 675 1850 sua
691 1807 1000 1860 instruttione3
1022 1805 1279 1850 consiliario
1296 1805 1539 1857 ordinario,
1559 1807 1671 1849 Μ.ΓΟ
1695 1806 1811 1849 Cor-

155 1885 274 1929 nelio
298 1888 312 1907 ⁵
335 1893 381 1929 et
404 1888 450 1930 M
459 1896 516 1928 ‚r0
546 1885 800 1928 Benedetto
822 1891 867 1927 et
890 1883 1134 1927 Annibale.

246 1976 286 2018 7.
356 1963 547 2007 Predica
577 1962 828 2005 Benedetto
858 1961 1128 2005 domeniche
1157 1968 1202 2004 et
1230 1961 1362 2012 feste,
1395 1967 1440 2004 et
1469 1961 1607 2016 legge
1636 1960 1678 2002 la
1705 1960 1809 2002 dot-

156 2041 273 2084 trina
290 2041 538 2084 christiana
551 2040 754 2091 uenerdi,
770 2047 815 2083 et
832 2040 862 2081 l’
882 2054 1004 2082 anno
1017 2046 1198 2095 passato
1215 2038 1246 2081 11
1260 2039 1358 2081 fece
1375 2051 1558 2094 passare
1574 2051 1665 2080 vno
1683 2051 1809 2080 com-

153 2118 317 2174 pendio
339 2118 383 2160 di
406 2117 556 2174 logica
578 2124 622 2160 et
645 2116 897 2173 philosopia
920 2131 999 2172 per
1021 2117 1086 2170 se,
1108 2123 1154 2159 et
1176 2117 1340 2159 alcuna
1357 2129 1463 2158 cosa
1480 2115 1538 2157 de
1556 2113 1805 2170 theologia,

153 2210 226 2238 ma
253 2210 344 2238 non
373 2194 613 2251 potendosi
641 2195 911 2251 aprofittar’,
943 2194 986 2236 10
1017 2194 1113 2236 fece
1141 2192 1345 2236 diuertir’
1384 2193 1426 2235 al
1453 2206 1607 2249 greco:
1634 2191 1672 2234 si
1695 2192 1720 2234 e
1743 2191 1809 2234 al—

154 2280 279 2316 tanto
303 2273 577 2329 aprofittato:
605 2279 767 2328 questo
790 2286 909 2314 anno
932 2271 963 2313 11
985 2272 1044 2314 110
1067 2272 1191 2314 detto
1215 2272 1299 2314 che
1322 2269 1359 2312 si
1383 2270 1531 2312 sforza
1555 2284 1580 2312 a
1604 2268 1710 2311 farsi
1727 2270 1810 2311 he—

144 2351 279 2404 breo,
297 2357 343 2393 et
360 2364 493 2406 spero
511 2351 595 2392 che
612 2349 889 2405 aprofittara,
910 2355 955 2391 et
972 2347 1210 2404 potendosi
1234 2354 1412 2390 mutare
1439 2348 1487 2389 in
1516 2347 1680 2389 alcuno
1708 2346 1810 2388 loco

153 2427 271 2470 doue
300 2426 338 2469 si
370 2427 645 2482 leggesseno
672 2427 714 2469 le
743 2425 844 2477 arti,
876 2427 936 2468 ha
963 2425 1021 2468 da
1049 2426 1189 2468 esser’
1223 2439 1313 2467 uno
1352 2424 1505 2467 buono
1538 2424 1733 2466 scholar'
1765 2429 1809 2465 et

145 2506 284 2559 potra
320 2505 518 2547 anchora
556 2503 799 2546 studiando
827 2503 858 2544 il
888 2517 1019 2545 corso
1048 2501 1271 2558 predicar’
1300 2503 1342 2546 le
1373 2500 1642 2545 domeniche
1671 2505 1810 2543 senza

146 2580 407 2636 dispendio.

226 2702 234 2721 ¹
289 2699 417 2735 «Cum
449 2705 555 2734 esset
586 2700 806 2746 Messanae,
838 2699 956 2734 etiam
987 2699 1089 2734 inter
1126 2698 1404 2745 occupationes
1435 2698 1600 2742 multas,
1632 2695 1807 2731 absolvit

151 2760 194 2793 P.
215 2759 380 2805 Natalis,
399 2771 499 2806 quae
518 2759 621 2794 circa
639 2759 942 2794 constitutiones
961 2759 1232 2803 adnotaverat,
1251 2757 1291 2793 et
1309 2757 1358 2792 ad
1376 2758 1419 2792 P.
1441 2756 1637 2803 Ignatium
1658 2755 1806 2791 misit.»

141 2816 367 2865 POLANco,
390 2818 556 2860 Clzrou„
578 2820 629 2865 ΙΙ,
651 2828 734 2865 555,
754 2832 792 2854 n,
815 2818 899 2864 342.

219 2882 232 2900 2’
284 2879 385 2914 Vide
405 2891 535 2925 supra,
556 2890 644 2926 pag.
670 2878 750 2924 130,
769 2885 900 2915 annot.
922 2888 957 2914 2.

223 2939 236 2958 ⁵
288 2939 330 2973 P.
354 2938 551 2973 Antonius
573 2939 718 2973 Vinck.

222 2999 236 3018 4
285 2998 328 3032 P.
350 2998 591 3033 Benedictus
612 2998 802 3033 Palmius.

223 3058 237 3077 ⁵
289 3058 333 3092 P.
355 3058 562 3093 Cornelius
583 3058 840 3093 Wisehaven.
