2038 3313
306 257 377 305 ’386
876 271 1015 306 Eius-r.
1044 270 1088 305 Ρ.
1116 270 1390 317 NADAL-1o4

303 373 360 415 de
383 371 453 425 iis,
479 386 597 427 quae
626 387 651 415 a
674 374 727 416 P.
764 373 916 416 Leone
946 378 992 415 et
1018 371 1286 428 prouinciali
1315 375 1402 417 hac
1431 373 1479 417 in
1508 389 1555 418 re
1585 374 1754 419 fuerint
1786 377 1969 420 consti--

303 457 418 504 tuta,
444 451 826 506 quemadmodum
855 448 1032 493 scribis.

392 539 433 571 2.
499 529 635 571 Nunc
672 527 760 570 iam
798 542 894 570 non
921 533 1050 570 tanta
1076 527 1343 573 difficultate
1378 529 1693 573 coadiutorum
1724 538 1955 588 tempora—⁷

298 604 408 648 lium
431 606 707 659 laboramus,
734 604 950 661 quoniam
974 611 1132 661 postea
1154 612 1246 649 tres
1264 613 1372 649 sunt
1389 606 1436 649 in
1453 607 1726 652 Societatem
1744 609 1944 663 admissi,

296 682 374 739 qui
397 697 481 726 nos
517 697 610 725 non
638 681 927 726 mediocriter
953 681 1136 735 iuuant,
1169 697 1254 726 nec
1283 690 1434 728 tamen
1463 685 1711 728 sufficiunt.
1745 686 1955 730 Admissi*

294 768 403 805 sunt
434 760 571 803 etiam
604 761 696 803 duo
735 760 897 803 fratres
934 759 1163 815 germani,
1204 761 1535 819 consanguinei
1574 763 1723 806 Patris
1761 764 1955 817 Leonis,

294 840 441 882 bonae
457 837 622 881 indolis
639 837 968 891 adolescentes;
989 838 1080 880 duo
1099 852 1281 893 quoque
1299 840 1558 883 sacerdotes
1575 841 1721 884 bonae
1733 849 1948 898 expecta—

293 915 443 959 tionis.
472 917 553 958 Est
576 915 622 957 in
644 914 788 971 prima
810 914 1081 971 probatione
1103 930 1217 972 puer
1246 929 1298 970 14
1320 916 1451 960 annis
1480 917 1592 975 [sic]
1620 925 1779 970 natus,
1806 919 1955 972 filius‚.

291 1009 383 1038 non
407 1001 558 1037 tamen
579 991 829 1049 legitimus,
855 991 1052 1036 hominis
1072 992 1210 1036 huius
1234 993 1432 1037 ciuitatis
1462 995 1744 1039 nobilissimi:
1772 996 1957 1052 optimo«

289 1073 411 1115 valet
433 1070 616 1114 iudicio.
651 1073 893 1114 Praeterea
915 1071 1136 1113 habemus
1163 1070 1209 1114 in
1238 1071 1382 1127 prima
1414 1073 1681 1128 probatione
1713 1073 1951 1117 hominem

291 1162 346 1205 23
371 1148 501 1192 annis
523 1155 681 1192 natum
705 1162 761 1191 ex
789 1147 1079 1190 nobilissimis
1111 1148 1395 1202 Lusitaniae,
1428 1149 1505 1205 qui
1534 1157 1776 1206 postquam
1805 1152 1953 1194 orba-⁷

289 1235 363 1271 tus
387 1226 473 1269 fuit
495 1241 652 1280 uxore,
678 1225 882 1269 decreuit
903 1227 1003 1269 Deo
1025 1226 1220 1280 seruire3
1246 1234 1292 1270 et
1320 1228 1541 1272 accersito
1570 1229 1627 1271 ad
1653 1230 1776 1272 hunc
1799 1229 1944 1272 finem

286 1307 472 1349 domum
495 1319 624 1347 suam
647 1311 955 1360 praeceptore,
981 1305 1162 1347 duobus
1185 1305 1315 1348 annis
1344 1305 1555 1362 priuatim
1584 1306 1746 1350 litteris
1772 1308 1947 1349 huma-2

285 1382 489 1427 nioribus
513 1396 695 1437 operam
717 1380 856 1433 dedit,
882 1380 977 1424 vita
998 1381 1184 1425 omnino
1202 1382 1391 1438 pristina
1413 1390 1603 1437 mutata,
1624 1383 1694 1426 vir
1710 1391 1780 1427 est
1798 1383 1942 1428 mirae

284 1460 449 1504 indolis
472 1461 529 1503 ad
556 1459 794 1513 virtutem3
826 1474 1023 1516 cumque
1054 1459 1150 1516 ipse
1182 1459 1241 1503 sit
1269 1460 1624 1517 primogenitus,
1656 1461 1936 1518 primogeni—

285 1545 449 1590 turam,
476 1552 591 1594 quae
614 1544 684 1581 est
705 1537 837 1580 valde
859 1538 1078 1593 locuples,
1104 1537 1242 1581 filiolo
1265 1553 1408 1594 paruo
1431 1538 1660 1594 relinquit.
1684 1541 1752 1582 Ex
1775 1538 1935 1582 fructi-

282 1618 369 1660 bus
408 1623 575 1670 tamen,
617 1630 731 1670 quos
768 1614 864 1671 ipse
902 1622 1051 1671 potest
1089 1622 1135 1659 et
1173 1615 1445 1659 distribuere
1478 1623 1523 1659 et
1560 1616 1646 1660 iam
1681 1616 1939 1668 distribuit,

280 1696 446 1738 bonam
470 1700 643 1750 partem
667 1692 889 1737 Societati
907 1692 1104 1747 reliquit,
1127 1692 1172 1735 id
1189 1700 1274 1745 est,
1294 1694 1386 1736 duo
1404 1693 1541 1736 millia
1559 1708 1817 1737 aureorum.
1840 1695 1930 1736 Re—

279 1773 454 1829 liquum
477 1779 561 1824 est,
588 1771 856 1814 Reuerende
882 1773 1032 1822 Pater,
1060 1777 1111 1813 ut
1133 1786 1204 1814 me
1228 1778 1373 1814 totum
1391 1771 1481 1814 tuis
1498 1771 1780 1814 orationibus
1803 1785 1930 1814 com-

278 1852 505 1902 mendem,
533 1849 914 1905 quemadmodum
938 1862 1021 1891 nos
1044 1863 1135 1891 non
1165 1863 1396 1892 cessamus
1426 1856 1469 1892 te
1497 1848 1686 1901 nostris,
1720 1847 1938 1904 quamvis:

277 1927 471 1985 frigidis,
497 1926 729 1971 sacrificiis
752 1928 850 1969 Deo
874 1927 1206 1970 commendare.
1235 1927 1363 1970 Vale.

364 2008 535 2050 Datum
566 2017 617 2058 14
639 2004 852 2047 calendas
876 2003 1078 2056 Martias,
1105 2003 1150 2046 id
1172 2010 1258 2056 est,
1290 2004 1341 2046 16
1363 2003 1436 2047 die
1464 2003 1715 2047 Februarii.
1744 2003 1857 2046 Vale
1879 2002 1934 2047 ine

275 2083 489 2128 Domino.
522 2083 714 2125 Eborae.

363 2164 433 2205 De
458 2163 592 2204 Patre
616 2161 768 2202 Leone
792 2158 901 2214 quid
923 2158 1117 2201 scribam
1143 2160 1540 2215 (quemadmodum
1564 2157 1672 2200 mihi
1696 2173 1751 2201 ex
1775 2156 1934 2200 officio

273 2238 546 2283 consultoris
576 2235 819 2292 incumbit)
851 2235 962 2278 nihil
992 2236 1115 2279 aliud
1143 2238 1290 2279 habeo
1319 2251 1453 2292 quam
1493 2237 1615 2292 quod
1653 2235 1748 2291 ipse
1787 2249 1921 2290 saepe

270 2316 568 2372 conqueritur
601 2314 667 2372 (id
697 2320 849 2357 tamen
878 2313 1090 2369 priuatim
1120 2315 1177 2356 ab
1210 2313 1308 2370 ipso
1343 2313 1518 2369 audiui)
1550 2329 1597 2357 se
1630 2328 1724 2356 non
1753 2313 1929 2355 habere>

270 2394 543 2444 ministrum,
569 2393 691 2447 quod
713 2406 801 2448 ego
824 2391 959 2434 credo
982 2390 1045 2434 ita
1061 2406 1174 2434 esse.
1199 2391 1281 2434 Vir
1297 2391 1495 2448 optimus
1513 2398 1582 2434 est
1598 2390 1817 2442 minister,
1838 2390 1917 2432 sed

268 2486 361 2515 non
384 2471 446 2514 ita
468 2470 671 2513 solicitus
694 2468 875 2512 videtur
897 2482 996 2511 esse
1019 2467 1066 2510 in
1088 2469 1285 2524 agendo,
1313 2475 1364 2510 ut
1382 2469 1468 2512 tale
1485 2468 1683 2511 officium
1708 2467 1919 2523 requirit..

843 2545 1064 2602 Indignus
1086 2552 1131 2588 et
1154 2545 1327 2588 inutilis
1357 2545 1492 2598 filius,

1379 2625 1672 2667 MAURICIUS.

355 2781 601 2836 [nscripzio
624 2781 675 2822 in
699 2781 866 2836 quarta
883 2780 1088 2836 pagina:
1111 2742 1199 2821 liis.
1229 2781 1300 2821 Ao
1333 2779 1446 2820 Rdo.
1473 2793 1531 2821 en
1561 2777 1743 2821 Christo
1767 2779 1922 2821 Padre-

260 2873 288 2904 o
314 2863 366 2904 P.
387 2862 636 2917 Jeronymo
660 2857 808 2900 Nadal
831 2856 1068 2899 comisairo
1091 2857 1216 2912 geral
1239 2857 1296 2898 da
1320 2855 1605 2911 Companhia
1627 2856 1684 2898 de
1701 2857 1827 2912 Jesu.

350 2938 458 2980 Alia,
481 2951 639 2978 manu:
663 2934 770 2979 Sine
793 2948 928 2976 anno.
969 2935 1093 2987 1561.
1128 2935 1320 2976 Eborae.
1354 2932 1616 2977 Mauricius.
1657 2933 1707 2975 16
1739 2933 1904 2975 Febru.

360 3015 611 3071 Vestigimn
636 3015 841 3055 remanet
869 3011 1032 3067 sigilli.
