2038 3313
293 213 362 260 804
919 214 1060 251 EPIST.
1088 213 1132 248 P.
1162 213 1313 250 NADAL

295 325 445 363 surus,
472 317 523 352 ut
545 317 590 354 et
613 309 794 363 mansit,
816 324 951 366 quem
970 312 1129 353 Patres
1146 317 1191 352 et
1209 311 1369 355 fratres
1387 310 1647 355 uenientem
1665 317 1791 354 tanta
1807 311 1938 355 laeti-

294 371 354 413 tia
378 377 423 414 et
446 369 724 414 exultatione
747 370 793 412 in
815 370 1012 413 Domino
1035 377 1330 426 exceperunt,
1357 371 1538 426 quantis
1562 372 1812 415 aduentum
1840 371 1939 416 eius

293 431 487 472 multum
509 430 679 485 diuque
701 430 983 486 expetierant
1008 429 1143 472 uotis.
1171 431 1269 474 Nec
1291 430 1469 484 iniuria,
1498 446 1602 473 nam
1622 438 1937 487 praeterquam

292 491 414 545 quod
452 497 519 532 tot
548 497 762 545 tantaque
791 489 1011 533 beneficia
1041 489 1139 533 eius
1168 490 1377 533 manibus
1406 490 1562 533 diuina
1596 491 1727 534 nobis
1758 491 1938 534 bonitas

291 557 412 594 esset
432 549 669 606 largitura,
697 549 844 592 uirtus
872 549 948 592 illa
970 548 1055 591 uiri
1087 549 1348 605 singularis,
1375 549 1588 606 uitaeque
1622 550 1862 607 integritas
1885 565 1937 594 ac

291 609 509 652 sanctitas
538 624 621 652 suo
650 624 767 665 pene
795 610 893 653 iure
921 624 1012 651 non
1041 608 1189 652 dicam
1218 609 1313 662 illa,
1348 624 1464 665 quae
1493 610 1825 666 praestitimus,
1858 612 1938 655 sed

293 670 434 712 multo
458 669 593 713 etiam
617 669 788 712 maiora
810 669 1056 725 exigebant
1078 669 1241 712 officia.

382 728 621 773 Neminem
651 728 854 772 extitisse
883 729 1091 781 arbitror,
1126 728 1200 771 cui
1223 728 1500 773 incredibilis
1530 728 1605 772 illa
1634 730 1866 772 humilitas
1894 736 1939 773 et

292 788 565 843 summissio,
585 788 660 831 illa
678 788 869 831 facilitas
888 795 932 832 et
952 789 1107 831 uultus
1125 789 1423 845 aequabilitas
1441 789 1717 833 admirabilis
1729 789 1777 833 in
1791 789 1940 834 medio

292 848 761 904 frequentissimorum
805 848 1272 905 grauissimorumque
1315 849 1521 892 laborum
1570 863 1819 902 concursu,
1865 849 1941 892 illa

292 916 470 965 praeter
492 917 695 952 caeteras
717 910 846 951 dotes
869 908 1186 952 ardentissima
1214 908 1433 963 charitas,
1460 909 1534 953 1116
1556 909 1739 953 diuinae
1768 909 1941 966 gloriae

292 970 532 1025 augendae
561 968 895 1024 Societatisque
923 975 1106 1011 nostrae
1139 968 1483 1024 amplificandae
1513 969 1941 1014 uehementissimus

292 1044 433 1081 amor,
460 1028 804 1073 admirationem
832 1043 925 1071 non
948 1028 1165 1072 excitaret
1193 1029 1435 1071 maximam
1469 1036 1579 1072 tunc
1608 1044 1713 1073 cum
1747 1029 1938 1083 uideret,

292 1096 337 1132 et
358 1096 461 1145 post
483 1102 586 1131 cum
610 1089 747 1131 uellet
775 1088 1018 1132 recordari.

383 1150 487 1192 Non
508 1149 585 1190 diu
616 1148 756 1204 igitur
784 1156 1043 1215 cunctatus,
1070 1147 1220 1214 coepit
1242 1147 1394 1192 statim
1418 1163 1472 1192 ea
1493 1149 1788 1203 constituere,
1825 1164 1934 1205 quo-

293 1223 392 1250 rum
410 1208 558 1265 gratia
576 1216 779 1261 uenerat,
801 1208 985 1265 exigere
1003 1208 1240 1260 rationem,
1262 1223 1334 1252 res
1351 1209 1486 1251 etiam
1504 1208 1714 1252 minimas
1737 1224 1941 1265 quasque

291 1270 454 1311 domus
471 1268 662 1335 propriis
680 1242 823 1311 oculis
840 1269 1131 1324 perlustrare,
1148 1283 1260 1324 quas
1278 1269 1334 1311 ad
1351 1276 1610 1311 nostrorum
1629 1269 1941 1312 institutorum

292 1343 496 1371 normam
520 1336 564 1371 et
587 1328 718 1371 istius
740 1328 913 1371 romani
936 1328 1118 1384 collegii
1135 1329 1379 1384 exemplar,
1401 1330 1550 1395 quoad
1573 1329 1736 1385 potuit,
1764 1328 1942 1372 curauit

292 1389 582 1445 redigendas3
607 1390 842 1443 multaque
864 1388 995 1431 nobis
1017 1387 1199 1443 reliquit
1227 1388 1395 1444 scripta
1423 1389 1593 1431 monita
1624 1396 1669 1432 et
1691 1390 1941 1433 documen—

295 1456 354 1501 ta,
397 1456 489 1491 tam
527 1450 583 1491 ad
619 1448 864 1504 spiritalem
903 1448 1038 1491 huius
1078 1447 1257 1504 collegii
1297 1449 1680 1503 commoditatem,
1717 1464 1853 1505 quam
1886 1450 1943 1492 ad

295 1509 564 1564 temporales
588 1523 698 1551 usus
731 1508 1004 1564 spectantia,
1039 1523 1155 1563 quae
1185 1508 1336 1550 omnia
1368 1516 1589 1563 quantum
1622 1509 1669 1551 in
1697 1525 1746 1554 se
1773 1510 1943 1553 habent

292 1568 500 1610 utilitatis
523 1568 721 1611 clarius
711 1583 758 1611 111
780 1568 876 1612 61165
899 1568 1174 1624 experiendo
1198 1568 1534 1624 cognoscimus.

383 1628 559 1671 Habuit
576 1635 829 1684 praeterea,
850 1628 1066 1683 quamdiu
1086 1627 1402 1671 Conimbricae
1420 1629 1530 1685 egit,
1553 1629 1944 1684 frequentissimos

294 1703 527 1732 sermones
560 1688 605 1730 in
635 1703 803 1745 magno
843 1690 1032 1731 Patrum
1061 1689 1343 1743 fratrumque
1372 1702 1621 1741 concursu,
1665 1690 1720 1732 ad
1758 1690 1871 1732 duas
1899 1696 1944 1732 et

295 1748 475 1805 uiginti,
503 1755 552 1790 ut
576 1748 752 1804 opinor,
779 1748 1120 1792 exhortationes
1143 1749 1199 1792 de
1223 1748 1463 1792 Societatis
1486 1748 1722 1803 institutis,
1748 1750 1804 1792 de
1837 1764 1944 1806 gra-

294 1808 356 1851 tia
378 1808 512 1860 illius,
540 1809 595 1851 de
620 1808 807 1852 uiuendi
829 1809 980 1862 modo,
1012 1809 1069 1852 de
1086 1807 1318 1851 laboribus
1341 1815 1386 1852 et
1404 1809 1636 1861 molestiis,
1671 1808 1836 1864 quibus
1837 1784 1945 1851 t>fuit

294 1868 536 1923 aliquando
562 1876 741 1920 uexata,
768 1869 825 1912 de
848 1867 1164 1922 conuersione,
1186 1867 1297 1922 uita,
1319 1868 1612 1924 moribusque
1630 1868 1779 1912 Patris
1802 1869 1944 1912 nostri

294 1928 472 1985 Ignatii,
500 1928 629 1970 cuius
648 1943 824 1984 semper
842 1930 963 1984 apud
978 1943 1061 1971 nos
1080 1927 1406 1971 iucundissima
1421 1929 1601 1977 ,uictura
1624 1936 1692 1973 est
1710 1929 1940 1981 memoria,

295 1996 338 2032 et
362 1988 593 2044 sigillatim
617 1989 672 2031 de
700 2003 968 2043 unaquaque
992 1988 1237 2032 Societatis
1260 1988 1537 2040 conditione,
1564 1996 1609 2031 et
1633 2003 1723 2043 quo
1752 1988 1944 2044 quisque

295 2049 429 2090 modo
451 2049 672 2104 proficere
695 2048 742 2091 in
763 2055 886 2091 statu
904 2063 987 2090 suo
1004 2048 1162 2104 possit3
1189 2047 1355 2102 quibus
1373 2048 1419 2090 in
1437 2046 1723 2092 sermonibus
1745 2056 1945 2104 quantus

294 2107 415 2150 illius
439 2108 574 2151 fuerit
597 2109 745 2160 ardor,
768 2115 937 2163 quanta
955 2108 1025 2150 uis
1048 2116 1092 2151 et
1110 2108 1356 2150 acrimonia
1379 2109 1435 2150 ad
1452 2108 1797 2151 inflammandos
1815 2108 1945 2151 audi-

296 2174 445 2210 torum
468 2167 642 2210 animos
665 2175 710 2211 et
732 2168 1094 2224 ingenerandum
1119 2182 1289 2209 nouum
1312 2169 1552 2222 quemdam
1577 2168 1719 2211 diuini
1742 2168 1941 2220 honoris,

297 2227 554 2280 Societatis,
582 2227 872 2283 perfectionis
900 2234 1083 2271 nostrae
1111 2235 1156 2270 et
1185 2227 1374 2270 aliorum
1405 2243 1621 2281 amorem,
1655 2227 1749 2284 ipse
1778 2243 1858 2284 per
1881 2235 1940 2280 te,

296 2288 540 2330 admodum
564 2288 833 2331 Reuerende
859 2290 1009 2354 Pater,
1036 2286 1167 2330 facile
1190 2294 1317 2342 potes
1340 2287 1580 2340 coniicere,
1608 2288 1684 2342 qui
1706 2287 1827 2330 illius
1850 2287 1944 2330 uir—

298 2354 439 2389 tutem
464 2348 604 2402 probe
626 2347 764 2399 nosti,
797 2361 881 2390 nec
899 2347 1083 2403 ignoras
1108 2361 1241 2402 quam
1265 2347 1322 2389 sit
1354 2355 1614 2390 nostrorum
1632 2347 1942 2390 institutorum

298 2406 487 2472 peritus,
513 2421 707 2462 acerque
726 2407 964 2462 interpres.
986 2421 1077 2449 non
1095 2406 1285 2448 dubium
1304 2421 1378 2449 cei
1383 2414 1426 2449 te
1445 2415 1528 2460 est,
1550 2415 1600 2449 ut
1618 2407 1704 2449 alia
1721 2407 1941 2458 omittam,

298 2466 408 2520 quin
431 2474 613 2509 nostrae
636 2466 878 2511 Societatis
906 2468 1043 2510 rebus
1076 2467 1155 2508 lux
1181 2482 1224 2508 111
1229 2467 1322 2509 aior
1355 2467 1597 2511 accesserit
1619 2466 1739 2510 illius
1771 2467 1940 2511 uerbis.

300 2525 570 2582 Excogitata
592 2526 705 2569 ratio
729 2526 813 2569 fuit
837 2533 887 2568 ut
909 2528 965 2569 ab
990 2526 1139 2581 aliquo
1156 2526 1491 2582 exciperentur,
1518 2526 1743 2581 nobisque
1765 2526 1944 2582 saepius

299 2600 378 2640 per
402 2586 541 2628 otium
572 2587 930 2642 peruolutandae
957 2594 1211 2638 manerent,
1248 2593 1477 2642 tamquam
1510 2586 1731 2630 reconditi
1761 2586 1943 2643 quidam

298 2653 479 2688 nostrae
509 2646 740 2702 religionis
779 2646 1001 2699 thesauri3
1034 2660 1118 2689 nec
1153 2646 1299 2687 solum
1331 2646 1608 2690 familiariter
1645 2648 1812 2702 agebat
1841 2660 1943 2688 cum

301 2704 539 2747 fratribus
530 2720 577 2747 111
591 2682 663 2747 1115
682 2705 873 2761 publicis
891 2705 1298 2757 exhortationibus,
1322 2721 1480 2748 uerum
1499 2706 1634 2749 etiam
1653 2707 1795 2748 multo
1814 2706 1943 2748 fami-

298 2763 451 2806 liarius
475 2778 577 2806 cum
602 2764 655 2807 115
673 2766 1017 2831 colloquebatur
1039 2780 1093 2808 eo
1112 2773 1329 2820 tempore,
1351 2767 1473 2820 quod
1491 2781 1516 2808 a
1534 2765 1723 2821 prandio
1742 2773 1787 2809 et
1803 2780 1946 2808 coena

300 2823 440 2878 quieti
483 2839 724 2879 corporum
763 2824 1108 2879 animorumque
1146 2825 1412 2868 relaxationi
1455 2826 1609 2878 datur3
1657 2832 1768 2867 tunc
1810 2825 1945 2868 etiam

299 2884 440 2925 multa
463 2884 519 2927 de
543 2884 771 2927 Societate
795 2884 989 2928 iocunde
1007 2891 1051 2927 et
1068 2884 1316 2939 prudenter
1334 2899 1517 2928 narrare
1540 2884 1731 2938 solebat,
1752 2885 1808 2927 de
1826 2885 1945 2926 mul-

300 2941 448 2996 tisque
471 2943 685 2986 Patribus
706 2951 751 2986 et
776 2944 988 2986 fratribus
1017 2943 1276 2997 Societatis3
1303 2943 1469 2998 quibus
1492 2944 1728 2999 colloquiis
1756 2944 1844 2987 dici
1867 2944 1943 2986 uix

298 3008 448 3056 potest
470 3010 690 3056 quantum
710 3010 754 3047 et
777 3003 1009 3045 doctrinae
1032 3010 1077 3046 et
1101 3003 1347 3059 uoluptatis
1371 3003 1745 3060 percipiebamus.

389 3062 462 3104 Ad
484 3064 610 3115 haec,
638 3070 688 3104 ut
711 3062 909 3105 notiores
925 3064 1114 3106 haberet
1137 3077 1294 3106 omnes
1316 3069 1362 3105 et
1384 3063 1530 3119 magis
1549 3062 1805 3114 familiares,
1832 3077 1941 3105 con-
