2038 3313
624 185 778 220 PATRIS
805 184 955 219 NADAL
983 192 1157 219 sempr>x
1643 193 1711 219 xm

67 288 308 334 Societatis
331 304 409 345 per
432 290 658 344 Europam
696 288 964 344 dispersum,
1008 302 1097 330 uno
1137 288 1388 341 eodemque
1427 286 1604 342 spiritu,
1634 287 1711 329 uni

66 367 301 422 eidemque
325 367 464 410 veluti
489 373 730 422 prototypo
752 380 832 408 seu
857 365 1100 421 exemplari
1125 365 1446 407 conformaret.

157 447 289 488 Hanc
312 452 463 488 autem
488 444 627 487 fuisse
648 444 747 499 ejus
769 443 1070 495 vocationem,
1097 457 1120 484 a
1146 444 1244 485 Deo
1267 441 1313 484 in
1331 441 1541 484 medullis
1564 442 1713 485 cordis

68 523 208 579 ipsius
231 523 388 565 intime
410 522 689 578 impressam,
717 522 897 564 abunde
915 528 960 563 et
977 521 1233 563 luculenter
1249 519 1498 563 ostendunt
1515 518 1714 562 illustra-

70 601 214 644 tiones
237 600 415 643 divinae
447 615 498 643 ac
527 599 685 642 intima
714 613 848 642 sensa
877 599 1138 653 frequenter
1166 597 1251 654 ipsi
1280 596 1327 639 in
1355 596 1560 639 oratione
1590 610 1714 639 com--

68 678 313 731 municata,
339 693 455 734 quae
477 677 524 720 in
546 677 732 734 privatis
755 676 896 733 ipsius
919 674 1256 719 commentariis
1283 674 1540 730 conscripta
1568 689 1715 717 asser—

68 764 248 799 vantur.
275 758 325 799 In
348 756 433 798 illis
456 755 641 809 etenim,
667 769 790 797 nunc
819 755 1066 797 vehemens
1098 752 1373 796 desiderium
1407 751 1557 808 prodit
1583 751 1715 794 insti--

70 841 167 877 tuta
204 842 249 877 et
276 835 460 890 regulas
490 833 731 878 Societatis
764 831 945 888 penitus
978 830 1281 888 intelligendi;
1318 844 1441 873 nunc
1475 828 1716 874 Societatis

67 912 410 968 amplificandae
433 919 477 954 et
500 926 579 967 per
602 918 747 954 totum
771 911 926 953 orbern
948 910 1273 966 propagandae
1302 907 1508 951 ardentia
1536 907 1716 950 deside--

68 990 132 1033 ria
154 989 239 1033 sibi
262 990 452 1032 coelitus
474 988 675 1031 immissa
699 989 887 1041 fatetur3
914 1002 1037 1030 nunc
1060 987 1183 1030 dolet
1205 987 1262 1029 de
1284 985 1492 1042 procellis
1520 984 1566 1027 in
1596 984 1715 1027 illam

68 1067 321 1120 concitatis3
349 1081 470 1109 nunc
493 1066 704 1122 lacrymis
722 1066 934 1121 perfusus
957 1067 1055 1108 Deo
1073 1065 1361 1115 commendat
1383 1078 1471 1115 res,
1492 1062 1588 1106 sive
1610 1077 1716 1119 pro-

68 1159 238 1201 speras,
260 1144 355 1188 sive
373 1145 586 1188 adversas
605 1143 746 1200 ipsius
764 1143 1018 1187 Societatis.
1041 1141 1248 1186 Sufficiat
1265 1144 1377 1184 haec
1397 1155 1540 1197 pauca
1559 1155 1716 1183 excer—

70 1237 176 1279 pere
198 1239 253 1266 ex
276 1222 448 1275 codice,
476 1222 548 1265 cui
573 1221 748 1273 titulus,
776 1223 834 1263 P.
865 1221 1048 1262 Natalis
1070 1221 1285 1276 opuscula
1314 1221 1340 1261 ¹.

160 1303 274 1357 Pag.
304 1314 400 1353 110,
426 1302 538 1344 haec
567 1299 744 1343 scribit:
782 1297 1093 1341 «Desiderium
1124 1312 1227 1340 cum
1251 1296 1399 1353 gratia
1421 1296 1717 1339 coniunctum

69 1388 114 1422 et
136 1381 255 1422 bona
278 1394 372 1435 spe,
398 1387 447 1421 vt
476 1393 613 1434 opera
641 1385 837 1421 nauetur
865 1375 1116 1432 scripturae
1145 1390 1310 1438 sacrae⁴
1328 1374 1373 1417 in
1407 1374 1586 1431 spiritu,
1624 1381 1718 1416 tum

69 1457 471 1500 constitutionibus
494 1456 603 1513 ipsis
626 1471 679 1499 ac
701 1455 873 1511 regulis
896 1453 1137 1498 Societatis
1160 1460 1205 1496 et
1222 1452 1524 1501 obedientiae,
1547 1451 1721 1507 totique

69 1536 277 1579 instituto
310 1542 481 1587 nostro,
514 1542 563 1577 vt
591 1534 752 1577 melius
781 1548 836 1576 ex
867 1535 950 1575 hac
981 1531 1282 1575 illustratione
1310 1538 1355 1574 et
1383 1530 1530 1587 gratia
1563 1545 1588 1573 a
1620 1531 1719 1572 Deo

69 1614 166 1669 ipso
189 1629 268 1670 per
291 1613 566 1657 Societatem
591 1620 634 1654 et
657 1611 755 1654 eius
778 1610 1007 1653 ministros
1031 1608 1238 1665 specialis
1261 1608 1450 1663 directio
1471 1607 1516 1649 in
1534 1609 1620 1650 hac
1636 1621 1718 1649 vo-

69 1692 248 1735 catione
271 1692 316 1734 in
339 1691 470 1734 nobis
493 1693 755 1747 effulgeat.»

162 1772 275 1826 Pag.
305 1782 408 1824 117:
440 1771 515 1812 «In
544 1770 655 1812 aede
677 1770 734 1812 D.
764 1767 1019 1812 Sebastiani
1048 1768 1105 1810 ad
1135 1766 1440 1810 Catecumbas
1468 1762 1583 1823 [sic],
1613 1778 1716 1806 cum

69 1856 218 1892 oraret
235 1848 353 1891 idem
371 1846 564 1907 [Nadal],
586 1847 868 1890 confortatus
886 1853 955 1889 est
977 1860 1066 1888 non
1086 1843 1337 1900 vulgariter
1356 1858 1379 1884 a
1399 1841 1610 1895 Domino,
1633 1841 1717 1883 mi-

70 1926 254 1969 nisterio
280 1925 402 1969 Petri
426 1933 471 1969 et
495 1925 642 1976 Pauli,
669 1925 725 1967 ad
748 1923 1006 1966 institutum
1026 1921 1283 1973 Societatis,
1304 1935 1358 1964 ex
1376 1921 1545 1971 fructu,
1568 1919 1644 1975 qui
1662 1934 1717 1962 ex

68 2005 164 2061 ipsa
187 2011 492 2061 prouenturus
515 2011 583 2046 est
612 2001 829 2046 ecclesiae
853 2000 958 2057 Xpi.
993 2002 1149 2055 Itaque
1177 1998 1460 2054 intelligebat
1490 1997 1601 2039 nihil
1626 1997 1703 2039 vti-

68 2083 155 2125 lius
178 2097 310 2139 posse
333 2097 382 2125 se
405 2095 557 2138 agere,
584 2095 719 2136 quam
742 2077 1161 2129 constitutionibus,
1183 2075 1354 2133 regulis
1376 2075 1586 2131 primum,
1608 2075 1715 2117 dare

69 2176 268 2217 operam,
294 2168 343 2203 vt
373 2175 509 2215 quam
532 2157 907 2202 vemendatissime
935 2157 1145 2206 edantur,
1179 2162 1273 2197 tum
1304 2161 1354 2196 vt
1382 2154 1716 2196 illustrarentur

70 2239 268 2295 scholijs,
295 2246 340 2282 et
362 2239 495 2294 plena
517 2238 596 2279 fiat
618 2235 814 2278 instituti
838 2234 976 2278 totius
1004 2231 1354 2276 manifestatio.»

161 2319 273 2373 Pag.
305 2317 406 2369 184:
437 2317 634 2372 «Magna
656 2313 805 2357 cordis
827 2312 1007 2356 claritas
1030 2326 1083 2354 ac
1105 2311 1219 2354 fides
1242 2310 1288 2352 in
1310 2308 1477 2352 vnione
1500 2309 1556 2352 ad
1580 2307 1711 2351 Chri—

72 2402 208 2449 stum,
234 2409 401 2450 magna
423 2408 526 2449 spes
549 2390 817 2435 incrementi
840 2389 1012 2447 gloriae
1044 2388 1128 2432 Dei
1156 2388 1203 2430 in
1236 2386 1464 2432 Societate
1492 2393 1538 2429 et
1567 2386 1713 2428 eccle—

71 2473 153 2527 sia,
179 2472 308 2528 quasi
329 2471 508 2514 videres
531 2471 588 2513 ad
610 2470 777 2512 bellum
801 2468 981 2524 prodire
1002 2466 1089 2510 Dei
1110 2466 1326 2509 virtutem
1350 2479 1429 2521 per
1457 2464 1630 2516 orbem,
1663 2477 1715 2505 ac

69 2550 275 2607 dissipari
298 2548 504 2592 inimicos
526 2547 638 2591 eius.
668 2547 737 2591 Sit
759 2548 886 2589 Deus
908 2544 1177 2588 benedictus
1200 2543 1247 2586 in
1270 2543 1469 2586 secula.»

159 2631 274 2684 Pag.
303 2639 517 2671 200-2012
548 2627 730 2681 «Quum
750 2623 932 2679 quidam
956 2621 1133 2682 [Nadal]
1157 2621 1329 2664 videret
1348 2619 1576 2674 reliquias,
1596 2632 1713 2673 quae

68 2714 310 2750 seruantur
341 2705 388 2747 in
426 2705 593 2760 templo
626 2702 782 2747 Sancti
810 2700 1033 2759 Johannis
1065 2697 1400 2750 Lateranensis,
1442 2696 1583 2739 sensit
1616 2711 1710 2737 ma-

68 2799 205 2840 gnam
228 2782 518 2827 deuotionem
542 2796 645 2824 cum
669 2779 913 2830 lachrimis,
939 2777 1204 2834 praesertim
1226 2775 1302 2819 vbi
1331 2790 1414 2818 suo
1444 2773 1614 2817 rosario
1642 2773 1711 2815 vi-

68 2869 140 2906 tae
162 2860 333 2905 Christi
351 2860 449 2903 illas
471 2858 774 2915 contingeret.
803 2858 960 2913 Itaque
982 2870 1076 2898 non
1099 2853 1316 2897 sustinuit
1339 2851 1532 2908 amplius
1553 2850 1618 2893 vti
1638 2850 1713 2893 illo

146 3032 155 3051 ¹
208 3028 307 3064 vide
325 3027 438 3074 infra,
457 3026 554 3063 eod.
575 3026 610 3061 8.
