2038 3313
801 242 847 268 20
873 231 974 274 MAJ1
1003 239 1094 277 1549
1727 240 1772 276 59

124 338 167 379 la
190 337 424 380 Paternita
445 345 597 380 vestra
618 350 747 379 come
768 336 887 391 dopo
909 335 1048 377 molta
1070 332 1337 390 probatione
1363 334 1395 375 l'
1419 335 1615 376 hauemo
1643 347 1773 376 man-

125 415 232 456 dato
255 429 281 457 a
304 415 527 457 Palermo.

934 616 975 654 9

583 739 637 780 Ρ.
665 736 1080 780 HIERONYMUS
1104 735 1325 778 NADAL

408 849 683 886 SANCTO
730 847 1031 885 IGNATIO
1078 848 1161 883 DE
1203 845 1483 885 LOYOLA

617 953 870 1004 Messanae,
898 963 954 994 20
977 950 1085 1006 Maji
1114 960 1226 1008 1549
1247 951 1277 993 ¹.

694 1063 893 1111 Epistolae
916 1064 1195 1110 fragmentum.

193 1161 255 1196 De
268 1161 443 1208 publicis
460 1161 802 1208 disputationibus
819 1162 863 1196 in
882 1161 1029 1207 templo
1048 1161 1406 1195 dominicanorum
1424 1163 1461 1195 et
1479 1161 1524 1195 in
1541 1172 1699 1195 summo

651 1221 895 1256 messanensi
913 1221 1059 1267 templo
1077 1220 1236 1256 habitis.

209 1337 245 1378 F
249 1336 496 1382 acendosse
518 1335 564 1377 in
588 1342 749 1391 questa
770 1338 881 1378 61113
902 1335 933 1377 11
955 1334 1154 1391 capitulo
1177 1334 1421 1391 prouintial
1443 1336 1499 1378 de
1521 1335 1585 1392 gli
1604 1335 1707 1379 frati
1724 1336 1770 1378 di

117 1428 200 1456 san
220 1412 478 1466 Dominico,
499 1420 544 1456 et
562 1412 799 1456 tenendosi
820 1413 867 1455 in
884 1420 980 1456 otto
997 1412 1147 1469 giomi
1164 1420 1326 1468 quatro
1343 1414 1464 1456 volte
1487 1413 1771 1456 conclusioni

120 1489 300 1546 publice
331 1491 434 1533 nela
461 1491 558 1533 loro
586 1489 763 1533 chiessa
792 1497 837 1533 et
864 1491 938 1533 nel
966 1491 1101 1533 domo
1129 1491 1144 1510 ‘²
1174 1504 1254 1546 per
1280 1490 1401 1546 ipiu
1424 1490 1667 1534 sufficienti
1695 1492 1770 1534 del

120 1567 279 1611 ordine
300 1570 385 1610 che
406 1567 567 1611 sianno
593 1567 641 1611 in
670 1575 830 1624 questa
858 1568 1016 1620 insola,
1050 1584 1078 1610 a
1107 1569 1146 1610 le
1174 1568 1304 1624 quale
1333 1568 1436 1610 tutti
1463 1568 1504 1623 ci
1532 1583 1620 1611 ano
1647 1568 1769 1611 inbi—

122 1652 252 1698 tatto,
278 1652 323 1688 et
345 1646 694 1688 sforzatamente
716 1653 906 1702 pregato
934 1646 979 1688 di
1008 1644 1193 1688 andarci
1221 1660 1301 1702 per
1328 1645 1576 1702 disputare,
1608 1645 1655 1688 in
1683 1649 1770 1690 che

119 1738 211 1766 non
232 1725 292 1765 ho
315 1724 472 1766 voluto
493 1737 704 1766 mancare
725 1738 805 1780 per
826 1723 905 1780 piu
928 1723 1130 1780 16396111,
1162 1730 1207 1767 61
1235 1724 1328 1766 6031
1359 1723 1402 1767 10
1433 1731 1479 1767 61
1506 1724 1614 1767 duoz'
1641 1725 1769 1777 altri,

119 1802 208 1843 cios}
226 1802 272 1843 M
280 1811 338 1842 ,ro
360 1800 568 1843 Canissio
585 1816 675 1844 vna
692 1802 831 1853 volta,
856 1808 902 1844 et
925 1803 971 1844 M
979 1812 1036 1843 ,r0
1061 1802 1247 1844 Andrea
1264 1802 1279 1822 ³
1298 1808 1343 1844 et
1360 1801 1532 1844 Isidoro
1549 1802 1582 1854 ⁴,
1603 1817 1771 1846 auemo

115 1877 161 1919 in
185 1884 301 1921 tutte
323 1877 552 1934 disputato
579 1877 711 1934 primi
743 1879 784 1935 (0
815 1879 881 1921 fra
909 1878 971 1935 gli
1002 1878 1165 1934 primi):
1191 1878 1264 1921 del
1286 1893 1473 1922 sucesso
1501 1893 1639 1935 posso
1667 1879 1766 1923 dire

116 1956 331 2011 (secondo
354 1957 438 1998 che
459 1970 594 2011 90330
624 1970 861 2008 601106616,
894 1962 939 1998 61
967 1955 1093 1998 molti
1124 1956 1182 1999 de
1209 1956 1239 1998 li
1267 1955 1473 2000 asistenti
1503 1957 1763 2012 affermano)

113 2034 199 2075 che
220 2033 336 2075 oltra
359 2033 401 2075 le
423 2033 648 2090 raggione
670 2035 755 2077 che
777 2033 838 2075 mi
861 2048 1086 2076 moueano
1109 2049 1135 2076 a
1163 2040 1325 2089 questo
1348 2034 1458 2086 fare,
1491 2041 1537 2077 et
1563 2049 1698 2090 sopra
1719 2019 1764 2077 di

113 2110 219 2164 quel
241 2112 325 2153 che
348 2111 606 2165 aspectaba,
628 2110 659 2152 11
675 2118 832 2154 nostro
856 2110 1047 2167 Signore
1068 2113 1128 2154 ha
1149 2118 1367 2154 mostrato
1385 2126 1477 2154 non
1501 2125 1600 2155 eser
1617 2118 1764 2155 631310

35 2201 38 2204 ’
114 2187 226 2229 fatto
249 2201 385 2230 senza
407 2187 568 2243 3961131
591 2187 877 2243 prouidentia
900 2203 999 2241 sua,
1026 2188 1220 2231 dandoci
1243 2187 1394 2232 animo
1417 2196 1462 2232 et
1491 2188 1693 2245 efficacia
1716 2189 1765 2231 in

115 2263 362 2320 disputare,
392 2263 438 2305 di
466 2265 601 2307 modo
630 2266 716 2308 che
743 2280 835 2308 non
871 2265 1106 2308 dubitamo
1143 2267 1186 2308 13
1220 2266 1506 2322 reputatione
1527 2266 1573 2308 di
1602 2274 1764 2322 questo

189 2456 199 2476 ¹
252 2455 309 2489 Ex
333 2456 556 2501 apographo
580 2467 742 2501 coaevo,
767 2456 807 2491 in
825 2457 957 2504 Epist.
977 2457 1134 2500 Natal„
1162 2458 1213 2503 ΙΙ,
1239 2458 1354 2493 unico
1373 2457 1590 2505 eodemque
1620 2458 1687 2494 fol.
1720 2471 1764 2494 ac

116 2514 280 2561 epistola
294 2515 671 2561 praecedens.—Est
689 2515 794 2551 aliud
812 2518 1012 2563 exemplar
1029 2517 1273 2564 hispanicum
1289 2520 1555 2565 apographum
1571 2519 1610 2553 in
1629 2519 1761 2565 Epist.

116 2573 266 2616 Mixtis,
286 2575 502 2620 1539—1548
520 2575 630 2617 (alias
650 2576 727 2610 vol.
749 2576 814 2621 A),
829 2576 896 2611 fol.
917 2586 984 2622 190
997 2580 1054 2622 (71
1073 2584 1113 2613 et
1126 2579 1424 2624 72).—Titu1us‚
1438 2579 1529 2614 huic
1543 2578 1767 2625 fragmento

114 2634 303 2680 epistolae
323 2634 548 2681 inscriptus,
569 2641 643 2670 est:
664 2636 800 2677 Αἶίνα,
817 2646 865 2671 20
883 2639 930 2672 de
949 2637 1132 2685 Maggio.
1153 2638 1260 2674 Nihil
1280 2638 1320 2674 in
1345 2640 1417 2674 hac
1442 2639 1608 2686 epistola
1633 2650 1764 2674 emen—

113 2694 221 2728 davit
245 2695 288 2729 P.
315 2695 499 2740 Polanco,
526 2706 647 2741 pauca
672 2700 803 2730 tamen
834 2702 1058 2733 transverso
1087 2699 1237 2733 calamo
1267 2699 1399 2734 deleta
1428 2705 1520 2735 sunt
1550 2700 1598 2734 ab
1629 2698 1767 2744 ignota

115 2765 244 2799 manu,
264 2766 387 2801 eaque
407 2755 469 2790 1116
488 2755 688 2800 adnotare,
709 2760 751 2790 ut
774 2755 814 2790 in
838 2757 990 2792 duabus
1015 2758 1194 2804 epistolis
1220 2759 1565 2806 praecedentibus,
1590 2771 1668 2794 non
1693 2760 1763 2793 abs

113 2825 154 2847 re
178 2813 261 2847 fore
286 2813 533 2849 arbitramur.
551 2805 671 2850 'Usus
702 2822 763 2852 est
786 2818 859 2852 1136
890 2817 1056 2863 epistola
1074 2818 1118 2852 Ρ.
1152 2819 1322 2854 Polanco
1341 2819 1381 2854 in
1415 2819 1582 2861 Chron„
1615 2820 1646 2865 Ι,
1678 2818 1762 2865 370,

116 2884 154 2906 n.
175 2871 257 2917 348.

186 2934 200 2954 ²
252 2933 314 2967 Sc.
336 2933 375 2968 in
394 2934 561 2970 ecclesia
579 2935 807 2971 cathedrali.

188 2992 202 3011 ³
254 2992 433 3028 Andreas
451 2994 521 3029 des
540 2995 669 3029 Freux
688 2996 896 3041 (Frusius).

190 3053 204 3072 ‘⁶
254 3052 426 3088 Isidorus
445 3053 587 3089 Bellini
606 3054 853 3099 (Sbrandus).
