2038 3313
285 217 355 254 524
851 210 989 244 EPIST.
1019 208 1063 242 P.
1091 178 1364 250 NADAi—147

283 325 341 354 en
364 301 515 355 Euora
532 313 599 355 los
617 312 783 355 hiziere
800 313 1013 369 grandes,
1038 324 1151 367 pues
1169 323 1258 365 que
1280 313 1361 353 303
1382 310 1449 352 los
1471 311 1585 352 haze
1607 324 1715 367 muy
1737 311 1929 357 maiores

284 403 374 444 que
395 391 578 446 quando
601 392 658 434 V.
685 392 738 433 R.
766 394 846 433 aca
868 396 1041 432 estaua.

374 480 414 522 3.
482 469 552 511 En
573 468 618 511 lo
635 469 691 511 de
710 468 774 510 los
793 482 881 523 que
898 481 947 510 se
965 481 1024 510 an
1045 467 1101 509 de
1123 479 1397 521 encorporar
1413 468 1509 508 mas
1526 465 1929 521 yntrinsicamente

284 559 341 588 en
358 545 401 588 13
419 546 684 602 Compania,
705 549 941 602 pareceme
957 558 1062 600 que,
1083 558 1243 600 acerca
1259 544 1403 586 delos
1419 543 1626 599 profesos
1648 544 1705 586 de
1727 557 1755 598 4
1777 551 1927 598 votos,

283 637 341 665 en
364 623 498 678 quien
523 623 724 667 consiste
746 625 787 666 la
810 621 1074 665 substancia
1091 637 1119 677 y
1137 621 1317 664 medula
1334 621 1391 663 de
1412 621 1456 663 13
1472 622 1742 677 Οοῐηρ3ῆί3,
1763 623 1930 666 hauian

285 702 341 743 de
364 715 436 744 ser
458 716 567 757 muy
590 717 715 745 raros
737 718 766 758 y
789 716 897 757 muy
919 699 1175 756 escogidos,
1202 713 1374 755 porque
1403 713 1462 741 no
1491 713 1576 741 nos
1605 699 1932 756 arrepintamos

285 780 496 835 despues‚
522 794 636 836 pues
657 795 715 836 ya
737 794 827 822 aun
851 793 908 821 en
931 778 971 820 el
994 792 1110 834 poco
1141 776 1310 832 tiempo
1340 790 1429 831 que
1457 791 1505 828 a,
1538 790 1622 819 nos
1650 791 1676 819 a
1703 778 1932 821 mostrado

284 871 366 913 por
388 858 585 913 algunos
609 857 840 913 exemplos
864 857 985 911 quan
1008 855 1245 898 recatados
1267 854 1487 896 deuemos
1509 854 1651 897 andar
1672 869 1731 897 θη
1759 861 1879 909 est03
1905 871 1930 911 y

284 949 341 990 ya
364 949 453 990 que
475 949 524 978 se
546 934 733 978 houiese
757 935 812 977 de
842 933 1098 990 dispensar,
1131 933 1174 975 10
1202 946 1292 987 que
1320 945 1392 974 me
1419 946 1583 987 parece
1611 947 1671 975 no
1700 947 1749 975 se
1777 933 1935 976 deuria

282 1014 433 1065 hazer,
461 1028 542 1069 por
564 1028 622 1056 no
645 1012 854 1056 debilitar
876 1018 1063 1054 nuestra
1085 1009 1400 1064 obseruancia,
1427 1025 1489 1065 ny
1512 1009 1634 1054 abrir
1655 1011 1698 1053 la
1720 1018 1881 1067 puerta
1909 1016 1934 1054 3

283 1090 498 1134 aficiones
519 1106 549 1147 y
575 1091 865 1143 desordenes3
888 1094 983 1132 mas
1007 1098 1158 1145 presto
1181 1091 1298 1131 seria
1318 1102 1408 1143 que
1433 1088 1562 1132 fuese
1584 1102 1642 1131 θη
1665 1089 1707 1132 13
1730 1089 1840 1133 falta
1862 1090 1933 1132 del

286 1167 452 1224 tiempo
474 1169 547 1211 del
569 1167 763 1221 estudio,
784 1169 968 1223 quando
988 1168 1037 1209 in
1060 1166 1249 1209 caeteris
1269 1166 1395 1208 fuese
1412 1166 1453 1209 el
1471 1180 1560 1222 que
1583 1165 1825 1219 conuiene,
1846 1181 1934 1222 que

284 1260 343 1288 no
366 1247 423 1288 de
445 1253 546 1289 otra
567 1260 765 1288 manera.
794 1247 910 1288 Pero
929 1260 988 1288 no
1005 1245 1216 1288 obstante
1233 1250 1347 1295 esto,
1368 1243 1464 1287 dire
1481 1244 1527 1287 10
1546 1258 1635 1300 que
1657 1258 1707 1286 se
1723 1258 1796 1287 me
1813 1245 1934 1287 ofre-

285 1338 352 1378 ce‚
377 1339 460 1380 por
481 1324 673 1380 cumplir
695 1339 781 1367 con
804 1324 846 1367 la
868 1321 1151 1366 obediencia.
1180 1322 1399 1365 Profesos
1421 1323 1478 1365 de
1503 1334 1547 1376 4:
1575 1324 1752 1366 Marcos
1774 1324 1932 1380 Jorge3

288 1402 431 1445 Paulo
454 1403 630 1458 Leyton
657 1403 684 1445 ¹.
712 1404 782 1445 De
807 1415 847 1457 3:
874 1402 909 1444 F
912 1399 1118 1444 rancisco
1142 1401 1391 1456 Enrriquez
1414 1400 1446 1453 ²,
1467 1402 1610 1458 Jorge
1632 1399 1733 1456 Rijo
1762 1401 1795 1452 ³,
1821 1401 1935 1443 Am-

286 1479 438 1523 brosio
463 1481 604 1523 Perez
628 1480 660 1522 4.
687 1479 993 1536 Coadjutores
1014 1477 1288 1534 spirituales:
1315 1478 1512 1521 Alfonso
1534 1477 1612 1522 Gil
1634 1479 1674 1531 ⁵,
1700 1477 1860 1522 Lionel
1882 1478 1938 1520 de

361 1608 369 1628 ¹
425 1606 566 1652 Leytcio
585 1606 758 1654 seipsum
777 1605 873 1641 dicit
891 1604 931 1640 in
951 1603 1133 1640 examine
1152 1603 1256 1651 quod
1272 1603 1312 1639 in
1333 1602 1429 1639 Cod.
1449 1603 1496 1639 16
1514 1603 1753 1650 reperitur...
1774 1604 1832 1638 En
1851 1602 1936 1649 ejus

285 1667 418 1701 verba:
441 1675 498 1702 «1.
520 1666 757 1702 Chamaome
778 1666 899 1700 Paulo
918 1665 1081 1711 Leytao.
1103 1673 1136 1699 2.
1158 1665 1218 1699 De
1238 1663 1282 1699 28
1301 1675 1438 1698 annos.
1455 1662 1490 1698 3.
1508 1665 1567 1699 De
1583 1664 1784 1710 Portugal,
1798 1663 1848 1698 de
1867 1663 1938 1698 Pe—

287 1738 449 1772 nacova‚
475 1726 633 1762 diocese
661 1726 710 1761 de
741 1726 964 1769 Coimbra»,
997 1725 1272 1760 etc.—Extant
1303 1723 1421 1759 etiam
1453 1723 1632 1759 examina
1660 1723 1786 1758 Patris
1817 1722 1937 1758 Marci

288 1788 407 1833 Jorge
426 1787 466 1822 in
485 1787 623 1822 eodem
645 1786 741 1822 Cod.
762 1786 821 1829 16,
849 1786 918 1830 IV,
941 1785 1109 1821 108-110.

359 1850 373 1868 ²
424 1848 647 1894 Anriquez,
674 1846 714 1882 in
740 1845 943 1888 examine,
972 1845 1068 1880 Cod.
1094 1844 1154 1880 16.
1181 1853 1244 1879 «1.
1273 1843 1482 1879 Francisco
1502 1843 1717 1891 Anriquez.
1743 1853 1779 1879 2.
1805 1844 1865 1878 De
1891 1853 1933 1888 41

287 1910 395 1942 anos.
416 1907 541 1953 [Haec
560 1907 758 1942 scribebat
776 1906 840 1942 die
858 1907 879 1941 8
896 1905 1068 1952 Augusti
1085 1905 1253 1951 1561.]...
1274 1913 1360 1949 14...
1377 1904 1608 1939 Recibiome
1624 1905 1659 1939 el
1675 1903 1800 1939 Padre
1815 1909 1937 1938 maes-

290 1972 349 2003 tro
367 1966 517 2013 Simon,
543 1967 593 2002 de
619 1967 839 2014 Almeyrin‚
866 1978 915 2001 en
938 1965 960 2001 8
985 1968 1007 2001 ό
1037 1974 1080 2000 10
1104 1965 1154 2000 de
1179 1965 1347 2000 hebrero
1371 1963 1420 1999 de
1446 1962 1643 2011 [1]546...»
1669 1964 1728 1998 Ex
1755 1962 1851 1998 Cod.
1877 1963 1937 2005 16,

290 2026 341 2068 II,
362 2025 445 2071 305.

361 2087 375 2107 3
427 2095 485 2121 «1.
507 2088 627 2132 Jorge
646 2086 748 2132 Rijo.
770 2096 805 2121 2.
825 2085 962 2121 Trinta
980 2097 1001 2120 e
1021 2089 1101 2119 tres
1120 2095 1257 2119 annos.
1278 2083 1313 2119 3.
1335 2084 1531 2130 Portuges
1556 2083 1605 2119 de
1629 2095 1770 2130 nacao,
1789 2084 1940 2119 natural

289 2144 338 2180 de
359 2145 433 2180 Sao
454 2147 553 2191 Joan
571 2145 620 2181 de
639 2146 775 2189 Thala,
792 2145 906 2191 junto
925 2145 974 2179 de
994 2143 1183 2179 Lisboa...
1208 2143 1264 2178 16.
1285 2144 1346 2178 Ha
1365 2149 1472 2179 treze
1491 2146 1586 2179 anos
1605 2155 1627 2179 e
1644 2143 1787 2190 cinquo
1811 2154 1941 2178 meses

290 2217 366 2251 que
397 2210 510 2240 eston
541 2217 590 2240 na
620 2205 908 2252 Companhia...
941 2203 1000 2239 23.
1033 2204 1171 2239 Estive
1201 2215 1264 2238 em
1295 2202 1494 2239 Coimbra.
1526 2202 1851 2238 Primeiramente
1884 2201 1941 2237 fui

290 2264 421 2300 criado
440 2265 489 2300 do
508 2264 763 2309 enfermeiro,
783 2264 919 2311 depois
944 2263 1179 2299 enfermeiro
1192 2292 1201 2310 ‚
1227 2263 1421 2310 porteiro,
1445 2261 1720 2310 despenseiro,
1743 2261 1939 2309 roupeir0‚

291 2325 575 2369 sotoministro,
595 2326 788 2370 ministro,
808 2337 830 2360 e
849 2335 1004 2372 pouquo
1024 2323 1121 2359 mais
1140 2323 1189 2359 de
1208 2324 1300 2359 hum
1318 2335 1421 2359 anno
1439 2328 1581 2359 rector.
1607 2322 1743 2358 Estive
1768 2322 1940 2357 tambem

291 2396 341 2420 en
359 2386 487 2420 Evora
504 2390 597 2432 oyte
617 2396 745 2420 meses
763 2396 856 2431 pera
873 2389 1079 2419 rector...»
1099 2383 1217 2426 Ibid.,
1236 2383 1289 2428 ΙΙ,
1307 2382 1392 2430 493,
1411 2393 1495 2429 494.

364 2446 379 2465 4
429 2453 487 2479 «1.
510 2443 719 2480 Ambrosio
739 2445 874 2479 Perez.
896 2453 930 2478 2.
951 2444 1163 2478 Pareceme
1177 2454 1254 2490 que
1268 2454 1339 2478 sou
1354 2443 1403 2480 de
1417 2447 1607 2489 quarenta
1620 2444 1730 2477 anos.
1745 2440 1781 2476 3.
1798 2440 1877 2476 Sou
1892 2440 1940 2475 de

293 2503 450 2539 Lisboa:
471 2516 520 2539 en
539 2505 614 2540 ella
633 2503 715 2540 vivi
733 2516 888 2551 sempre
907 2509 971 2539 ate
989 2515 1066 2550 que
1086 2502 1213 2538 entrei
1231 2514 1280 2538 na
1295 2502 1538 2550 Companhia
1551 2501 1600 2537 de
1615 2501 1729 2536 idade
1744 2510 1790 2546 24
1803 2512 1939 2536 annos.

358 2573 416 2599 20.
436 2565 508 2599 Em
526 2565 649 2600 Roma
674 2576 736 2600 me
760 2563 970 2610 confessey
995 2568 1106 2598 outra
1130 2575 1203 2598 vez
1228 2575 1273 2598 ao
1298 2563 1423 2598 Padre
1447 2562 1574 2597 Pedro
1599 2561 1717 2597 Diaz:
1743 2572 1793 2596 no
1817 2559 1942 2595 Brasil

294 2630 406 2659 outra
424 2636 470 2658 30
489 2624 614 2659 Padre
634 2624 807 2660 Antonio
824 2625 960 2659 Perez.
982 2631 1041 2658 21.
1062 2624 1241 2669 Quantas
1257 2635 1375 2658 vezes
1389 2622 1439 2657 fiz
1453 2627 1538 2658 este
1553 2632 1691 2657 exame
1705 2632 1781 2667 que
1800 2632 1943 2666 aguora

294 2683 396 2730 saco,
417 2695 478 2718 em
503 2683 689 2730 Cojmbra
707 2696 729 2719 3
746 2684 867 2719 Santa
886 2684 1009 2729 CruZ,
1035 2695 1097 2718 em
1122 2684 1246 2718 Roma
1270 2695 1292 2718 a
1316 2684 1508 2727 Polanco,
1534 2693 1556 2716 θ
1580 2692 1627 2716 30
1651 2680 1775 2715 Padre
1799 2684 1944 2714 mestre

296 2743 450 2788 Ignatio
468 2755 544 2790 que
564 2748 648 2778 esta
667 2743 707 2779 in
723 2743 862 2790 gloria,
889 2755 912 2779 e
935 2755 957 2779 3
980 2748 1159 2778 outros...
1188 2752 1246 2778 22.
1276 2743 1355 2777 Sou
1380 2741 1584 2777 sacerdote
1609 2752 1631 2775 3
1654 2751 1752 2775 onze
1775 2742 1870 2774 anos
1896 2750 1945 2774 na

297 2803 578 2850 Companhia.»
600 2803 717 2849 Ibid.,
738 2804 769 2850 Ι,
794 2812 870 2848 2-4.

368 2865 381 2883 -“’
433 2872 491 2898 «1.
513 2862 547 2900 O
568 2875 657 2897 meu
683 2875 797 2897 nome
818 2864 866 2897 he
887 2862 1050 2897 Afomso
1069 2862 1147 2898 Gil.
1170 2872 1204 2899 2.
1227 2862 1306 2897 Sou
1325 2862 1373 2897 de
1392 2861 1439 2907 34
1457 2873 1506 2896 ou
1525 2860 1570 2905 35
1585 2871 1719 2896 annos.
1740 2857 1775 2893 3.
1798 2858 1877 2893 Sou
1896 2857 1944 2892 de

299 2922 481 2967 Cabafas,
502 2914 627 2957 ternio
651 2922 700 2958 de
730 2922 910 2958 Celorico
929 2922 1082 2957 bebado
1109 2934 1129 2957 e
1148 2921 1311 2968 bispado
1330 2922 1378 2956 da
1401 2921 1602 2957 Guarda...
1633 2920 1688 2955 16.
1716 2918 1846 2953 Avera
1872 2917 1943 2951 dez

298 2994 347 3015 ou
367 2994 475 3016 ornzc
495 2994 617 3017 annos
636 2994 711 3028 que
731 2981 858 3016 entrei
876 2993 939 3016 em
957 2982 1006 3017 ha
1030 2981 1316 3028 Companhia...
1345 2990 1402 3018 22.
1432 2982 1506 3016 Era
1527 2979 1567 3026 ja
1591 2977 1793 3015 sacerdote
1818 2981 1942 3010 amtes

300 3041 456 3076 dentrar
476 3053 524 3076 na
543 3041 810 3088 Companhia..
823 3055 856 3079 .›>
877 3042 993 3086 Ibid.,
1014 3042 1045 3088 Ι,
1064 3050 1186 3086 42-44.
