2038 3313
250 159 320 198 630
815 161 952 197 EmsT.
983 160 1027 195 P.
1056 159 1256 195 NADAL—
1269 159 1330 195 181

1029 397 1135 437 181

467 503 733 547 PATER
786 501 1339 545 HIERONYMUS
1393 500 1675 544 NADAL

736 609 896 645 PATRI
923 607 1277 645 GUNDISALVO
1305 609 1412 643 VAZ

640 709 949 763 Methymnae,
998 719 1013 749 1
1051 705 1287 750 Februarii
1334 706 1444 760 1562
1488 706 1517 747 ¹.

978 815 1188 860 Excerpta.

263 915 388 949 Varia
407 916 597 961 responsa
623 913 764 948 Patris
784 912 934 951 Nomai,
963 912 1010 946 de
1037 910 1152 946 rebus
1178 911 1417 951 domesticis,
1445 911 1492 945 de
1512 910 1626 945 libris
1655 907 1854 956 Cypriani
1872 910 1909 942 et

326 975 534 1015 Fonsecae,
556 974 602 1008 de
621 973 799 1013 novitiis,
820 973 867 1007 de
886 972 1049 1006 collecta
1070 972 1142 1006 «Et
1160 970 1325 1005 famulos
1346 975 1472 1016 tuos»,
1493 971 1540 1005 de
1555 969 1757 1017 gradibus
1775 968 1907 1015 confe-

329 1035 479 1076 rendis,
497 1035 543 1069 de
565 1034 821 1068 renovatione
840 1034 1041 1073 votorum,
1062 1032 1109 1066 de
1128 1032 1244 1066 modo
1264 1031 1501 1078 conferendi
1515 1031 1676 1078 gradus
1694 1028 1873 1064 dimissis
1891 1040 1909 1063 e

328 1095 534 1135 societate,
555 1095 601 1128 de
622 1092 964 1128 exhortationibus
984 1095 1020 1127 et
1040 1092 1335 1133 collationibus,
1357 1092 1403 1126 de
1422 1091 1687 1125 admittendis
1706 1090 1762 1124 ad
1782 1088 1908 1124 Socie-

330 1157 468 1195 tatem,
488 1157 559 1189 etc.

351 1283 387 1324 E
410 1281 495 1324 isto
518 1282 575 1324 do
598 1280 811 1337 primeiro
836 1281 893 1323 de
910 1282 944 1323 F
949 1279 1171 1323 euereiro.

357 1373 393 1402 1.
430 1360 516 1415 (18)
550 1360 617 1402 Os
639 1373 800 1415 prazos
819 1373 908 1414 que
924 1358 1060 1414 daqui
1078 1373 1159 1414 por
1176 1358 1330 1401 diante
1347 1372 1397 1402 se
1415 1359 1597 1400 fizerem
1615 1371 1673 1399 en
1692 1357 1784 1400 Sao
1803 1357 1838 1398 F
1842 1355 1912 1397 ins

261 1452 286 1481 e
309 1452 380 1481 em
404 1438 450 1481 S.
486 1439 600 1494 J030
627 1451 677 1479 se
706 1437 833 1491 faesio
862 1451 992 1479 como
1022 1436 1183 1479 milhor
1217 1450 1403 1492 pareeer
1428 1450 1498 1478 em
1523 1450 1549 1478 O
1579 1435 1774 1487 Senhor,
1801 1447 1912 1476 eon-

264 1517 407 1559 forme
429 1529 507 1557 aos
524 1514 769 1571 principios
792 1529 880 1569 que
904 1529 930 1557 O
954 1517 1007 1558 Ρ.
1035 1515 1182 1558 Nadal
1206 1521 1295 1557 tem
1320 1515 1454 1557 dado.

357 1605 397 1635 2.
426 1592 511 1649 (19)
545 1594 641 1636 Dos
659 1591 834 1636 eriados
852 1594 934 1636 dos
957 1591 1201 1649 collegiaes
1219 1593 1276 1634 de
1299 1592 1513 1635 Coimbra
1535 1605 1584 1633 se
1601 1591 1799 1647 poderem
1817 1604 1911 1632 ser—

268 1670 334 1714 uir
357 1685 407 1713 os
425 1685 563 1713 nosos
580 1684 651 1713 em
669 1671 829 1727 algfias
847 1670 1173 1723 occurrentias,
1194 1685 1290 1714 mas
1308 1684 1365 1712 en
1385 1670 1445 1712 tal
1464 1668 1679 1721 maneira,
1701 1682 1790 1723 que
1807 1682 1912 1710 nom

265 1763 427 1806 pareea
449 1762 538 1804 que
560 1753 639 1791 sito
661 1747 836 1791 criados
859 1750 941 1792 dos
963 1750 1021 1791 da
1044 1748 1342 1805 Companhia.

357 1839 394 1880 3.
430 1826 515 1882 (20)
550 1827 617 1869 Os
639 1825 863 1881 epitomes
885 1827 943 1869 do
963 1828 1014 1869 P.
1039 1825 1269 1882 Cypriani)
1287 1826 1519 1881 purgados
1542 1825 1574 1876 ⁶²,
1596 1831 1678 1866 ete.
1712 1838 1736 1866 e
1760 1823 1912 1879 quais-

266 1918 378 1960 quer
407 1911 563 1946 outros
590 1903 731 1946 liuros
763 1918 851 1959 que
880 1918 929 1947 se
955 1918 1172 1947 ouuerem
1203 1904 1259 1945 de
1291 1902 1524 1958 imprimir,
1562 1916 1610 1944 se
1638 1903 1742 1945 dem
1775 1901 1914 1944 liure-

265 1989 417 2025 mente
445 1996 499 2025 ao
528 1981 788 2037 impressor,
821 1996 845 2024 e
870 1981 1076 2025 deixesse
1105 1996 1175 2024 em
1206 1996 1289 2024 sua
1315 1980 1546 2023 liberdade
1576 1994 1625 2022 se
1655 1979 1808 2035 quises
1836 1980 1916 2021 dar

267 2060 433 2116 alguns
462 2059 705 2115 impressos
728 2075 753 2103 a
783 2059 1081 2115 Companhia,
1109 2066 1154 2102 et
1177 2073 1282 2101 nom
1306 2073 1355 2100 se
1380 2059 1478 2114 sapa
1501 2060 1671 2100 nehum
1702 2064 1916 2100 concerto

269 2152 370 2180 eom
394 2138 495 2180 elle.

355 2228 398 2269 4.
436 2215 521 2272 (21)
558 2216 599 2259 O
640 2217 691 2258 Ρ.
731 2216 963 2258 Afonseea
997 2216 1166 2270 podera
1201 2214 1238 2256 ir
1275 2215 1675 2258 moderadamente
1703 2228 1774 2256 em
1805 2228 1832 2256 o
1860 2213 1917 2255 de

269 2292 542 2336 Aristoteles
564 2307 711 2348 poueo
733 2299 777 2335 et
801 2307 964 2348 poueo,
989 2307 1162 2348 porque
1184 2294 1242 2335 ha
1267 2300 1416 2348 tempo
1440 2307 1547 2348 pera
1569 2306 1617 2335 se
1642 2292 1761 2334 fazer
1785 2292 1817 2333 ³.

358 2380 398 2424 5.
436 2371 521 2426 (22)
601 2370 746 2412 eclam
771 2385 796 2412 o
822 2372 874 2413 P.
902 2370 1047 2413 Nadal
1070 2385 1158 2425 que
1180 2385 1232 2413 os
1255 2370 1443 2425 nouieos
1466 2375 1553 2413 nito
1576 2371 1738 2412 deuem
1763 2370 1820 2411 de
1842 2383 1916 2411 es-

268 2448 400 2507 tad-ar
423 2454 495 2491 ate
513 2462 600 2502 que
625 2463 651 2490 O
675 2447 880 2503 superior
903 2454 999 2490 este
1022 2447 1245 2491 satisfeito
1262 2448 1318 2491 de
1336 2462 1418 2491 seu
1436 2447 1828 2503 aproueitamento
1844 2461 1914 2489 em

271 2540 295 2567 a
319 2525 517 2578 uirtude,
545 2532 590 2570 et
612 2526 721 2568 elles
746 2527 910 2568 tenhffiio
936 2525 1043 2568 feito
1066 2540 1117 2568 os
1141 2533 1288 2579 uotos3
1315 2533 1360 2568 et
1384 2525 1568 2568 todauia
1591 2532 1663 2569 ate
1691 2539 1846 2581 passar
1867 2539 1918 2566 os

347 2708 354 2726 ¹
407 2707 464 2740 Ex
493 2710 737 2752 transumpto
764 2705 803 2740 in
826 2704 921 2740 Cod.
947 2716 983 2749 5,
1012 2705 1050 2739 ff.
1079 2714 1161 2750 217,
1190 2706 1268 2740 218.
1300 2705 1618 2752 Descriptionem
1642 2705 1764 2740 habes
1790 2716 1920 2751 supra,

272 2765 386 2811 epist.
412 2766 490 2808 180,
510 2771 641 2801 annot.
668 2775 698 2800 Ι.
720 2766 971 2811 Methymnae
991 2765 1119 2800 datam
1154 2766 1275 2801 fuisse
1296 2766 1501 2813 epistolam
1522 2766 1624 2801 unde
1650 2766 1746 2800 haec
1767 2765 1922 2800 desum-

274 2830 337 2870 pta
357 2825 530 2871 fuerunt,
550 2831 705 2870 constat
724 2838 771 2860 ex
793 2825 908 2872 epist.
934 2826 1013 2871 185,
1034 2839 1098 2861 nn.
1126 2826 1166 2861 18
1187 2831 1225 2860 et
1249 2835 1302 2869 10.

343 2888 355 2905 ²
408 2885 507 2920 Vide
522 2898 609 2932 pag.
627 2894 710 2931 555,
727 2891 859 2921 annot.
878 2885 912 2929 33
931 2892 969 2921 et
983 2887 1316 2934 SOMMERVOGEL,
1333 2889 1609 2935 Bibliotlze‘que
1624 2889 1670 2924 de
1687 2889 1728 2923 la
1746 2887 1788 2923 C.
1805 2886 1919 2932 des„

275 2944 383 2979 artie.
409 2944 584 2991 Cyprien
605 2947 767 2982 Soarez.

350 3005 362 3022 ⁵
414 3005 514 3040 Vide
535 3005 649 3053 epist.
676 3014 755 3052 171,
776 3012 815 3043 et
836 3006 915 3051 180,
937 3018 1003 3042 nn.
1023 3007 1045 3042 6
1066 3013 1105 3041 et
1119 3015 1155 3052 7.
