2038 3313
213 184 255 219 14
809 175 975 211 CHRoN.
1004 173 1046 207 P.
1076 173 1264 209 NATAL1s

206 292 317 330 rem,
344 278 638 321 concluderet
666 279 674 298 ¹
701 277 747 319 in
770 275 1000 320 exercitia.
1023 275 1235 319 Facilitas
1257 276 1429 319 scilicet
1453 284 1498 320 et
1520 277 1699 321 bonitas
1721 277 1860 321 huius

210 355 359 398 Patris
382 369 454 398 me
477 361 623 397 totum
646 354 735 397 iam
758 359 997 396 notauerat
1019 353 1052 404 ²,
1078 351 1166 395 iam
1190 354 1359 397 fecerat
1383 353 1634 397 theatinum
1658 356 1690 398 ³.

300 446 372 490 39.
440 434 631 474 Eramus
653 431 742 473 iam
767 437 872 473 ante
896 430 1015 473 fores
1037 429 1157 473 illius
1179 431 1359 484 domus,
1384 445 1524 485 quum
1548 446 1655 475 ecce
1678 432 1758 475 tibi
1786 448 1859 475 me

210 509 546 566 aggrediuntur
583 510 674 551 duo
713 523 768 550 ex
798 506 968 549 familia
996 506 1147 550 Iacobi
1180 522 1206 550 a
1240 509 1408 560 Puteo,
1445 509 1588 551 Rotae
1620 509 1854 561 auditoris,

210 586 520 630 maioricensis
544 587 575 628 ⁴.
610 585 672 628 Hi
702 584 822 628 enim
853 599 994 640 quum
1024 598 1097 627 me
1125 583 1347 627 vidissent
1373 599 1455 640 per
1481 585 1655 637 vrbem,
1688 586 1858 629 retule-

208 670 315 707 runt
338 665 395 707 ad
418 663 688 715 auditorem,
717 669 762 705 et
785 663 841 705 ab
865 676 919 705 eo
941 661 1066 704 missi
1083 668 1133 703 vt
1149 676 1222 704 me
1240 661 1424 704 omnino
1441 663 1498 704 ad
1515 677 1564 705 se
1581 664 1859 706 adducerent

207 742 418 787 domum:
445 756 536 783 non
560 754 824 796 acceperam
848 738 1031 794 quidem
1055 753 1143 794 ego
1165 737 1317 781 literas
1340 738 1396 781 ab
1415 738 1632 782 auditoris
1649 740 1858 797 cognatis

210 817 533 861 Montannanis
558 819 571 839 ⁵
596 815 1003 868 commendatitias,
1035 816 1115 858 sed
1139 815 1201 857 illi
1231 829 1303 858 me
1330 815 1393 857 illi
1423 830 1503 871 per
1530 816 1703 860 litteras
1732 831 1858 861 comu

207 896 557 938 mendauerant:
585 893 864 937 existimauit
885 893 1039 948 itaque
1060 892 1239 935 auditor
1262 907 1311 935 se
1327 892 1478 935 officio
1497 908 1588 936 non
1607 908 1706 937 esse
1723 894 1852 937 satis-

210 973 451 1024 facturum,
479 971 515 1014 si
539 978 769 1027 pateretur
797 985 869 1013 me
898 969 1003 1013 alibi
1033 984 1168 1025 quam
1201 970 1323 1025 apud
1354 968 1502 1025 ipsum
1534 970 1774 1026 hospitari:
1810 971 1856 1013 hi

207 1049 365 1106 igitur,
407 1065 511 1092 cum
550 1050 846 1092 vehementer
873 1054 1108 1104 Vrgerent,
1140 1053 1185 1090 et
1212 1062 1379 1090 nomen
1408 1047 1626 1090 auditoris
1656 1047 1858 1104 grauiter

206 1127 317 1169 mihi
339 1133 620 1183 opponerent
643 1132 687 1168 et
710 1125 1042 1177 auctoritatem,
1071 1124 1201 1167 facile
1223 1139 1468 1180 persuasus
1486 1124 1578 1166 dixi
1595 1127 1857 1168 Domeneco

207 1219 298 1247 non
322 1219 456 1260 posse
477 1218 550 1246 me
571 1204 854 1245 voluntatem
885 1217 938 1245 ac
967 1202 1024 1244 ab
1053 1201 1260 1245 auditore
1289 1202 1489 1244 oblatum
1520 1202 1757 1258 negligere
1784 1204 1856 1246 vel

208 1281 480 1325 beneficium
504 1282 577 1323 vel
600 1279 886 1336 dignitatem,
914 1286 959 1321 et
981 1279 1038 1322 ad
1060 1278 1306 1335 Ignatium,
1332 1280 1502 1321 habere
1529 1278 1613 1335 ipsi
1643 1279 1852 1336 gratiam,

208 1365 451 1402 venturum
475 1373 563 1412 me,
590 1359 647 1401 ad
669 1357 817 1413 ipsum
841 1364 886 1400 et
909 1357 966 1399 ad
988 1356 1216 1413 Ignatium
1240 1357 1279 1399 G:
1311 1356 1466 1411 itaque
1494 1357 1674 1412 elapsus
1703 1364 1772 1400 est
1799 1358 1856 1400 ab

206 1436 305 1480 eius
328 1438 462 1479 hamo
486 1443 595 1479 tunc
618 1434 769 1491 piscis.

298 1527 372 1567 40.
438 1513 555 1557 Veni
579 1528 682 1555 cum
706 1510 1083 1554 maioricensibus
1107 1511 1163 1553 ad
1186 1510 1455 1554 auditorem:
1478 1511 1542 1553 fui
1559 1525 1728 1566 magna
1750 1525 1853 1553 cum

205 1590 490 1634 humanitate
513 1597 558 1633 et
580 1589 745 1632 amoris
769 1587 1104 1645 significatione
1126 1594 1341 1644 acceptus
1364 1589 1420 1630 ab
1450 1587 1671 1630 auditore.
1699 1589 1854 1643 Quum

281 1750 290 1768 ¹
344 1747 433 1791 Ms.,
454 1758 515 1780 me
535 1745 802 1785 concluderet,
823 1744 964 1778 iterato
983 1755 1187 1790 perperam
1206 1755 1281 1777 me.

277 1809 290 1828 2
341 1805 527 1840 Nonnihil
547 1805 655 1839 dubii
675 1805 788 1839 nobis
813 1808 1004 1845 remanet,
1033 1814 1081 1837 an
1108 1807 1214 1837 recte
1243 1804 1341 1838 hanc
1369 1814 1506 1837 vocem
1533 1802 1780 1849 interpretati
1807 1802 1855 1838 si-

207 1878 306 1908 mus,
327 1878 415 1900 cum
435 1865 582 1911 primae
601 1863 724 1910 ipsius
744 1864 898 1898 litterae
917 1861 1080 1897 confuse
1100 1861 1309 1896 admodum
1329 1862 1497 1908 scriptae
1517 1862 1609 1897 sint.

279 1927 292 1946 ³
344 1924 533 1959 Societati
553 1923 705 1959 scilicet
721 1923 801 1968 jam
820 1934 882 1957 me
902 1921 1209 1967 adjudicaverat.

277 1986 291 2005 4
341 1983 554 2029 Egregium
573 1984 676 2018 hunc
696 1982 821 2016 virum
841 1980 1141 2026 majoricensem
1167 1980 1290 2015 fuisse
1317 1985 1469 2016 certum
1496 1992 1584 2015 esse
1611 1981 1776 2015 affirmat
1799 1981 1855 2016 hi-

204 2042 498 2089 storiographus
518 2043 629 2085 MUT,
654 2042 758 2076 Hist.
779 2042 825 2076 de
844 2040 1058 2080 Mallorca,
1080 2046 1108 2075 t.
1129 2050 1184 2084 111,
1204 2041 1271 2076 lib.
1293 2050 1348 2083 XI,
1369 2052 1403 2075 c.
1420 2039 1455 2083 3,
1472 2040 1538 2074 ubi
1553 2040 1656 2075 inter
1670 2041 1745 2075 alia
1759 2041 1855 2076 haec

205 2104 341 2139 scribit
360 2103 408 2138 de
427 2102 613 2138 cardinali
632 2102 778 2136 Puteo:
802 2100 985 2136 «Chacon
1003 2100 1091 2135 dice
1115 2112 1190 2146 que
1210 2100 1275 2135 fue
1296 2100 1473 2143 nizard03
1495 2112 1539 2135 su
1567 2100 1686 2146 padre
1712 2101 1748 2135 lo
1773 2100 1853 2143 fue',

205 2175 299 2210 pero
318 2163 444 2209 Jaime
463 2163 589 2197 Puteo
607 2162 719 2196 naci&
739 2173 788 2195 en
807 2161 1005 2203 Mallorca,
1025 2173 1051 2206 y
1070 2172 1112 2194 es
1140 2155 1310 2206 apellido
1336 2160 1384 2194 de
1412 2160 1533 2194 Pou.»
1563 2159 1641 2194 Alii
1669 2171 1762 2194 vero
1789 2160 1855 2194 Ni-

203 2235 298 2259 ceae
317 2229 445 2258 ortum
464 2222 587 2257 fuisse
606 2220 865 2263 contendunt,
886 2225 928 2254 ut
947 2220 1133 2264 MORONI,
1162 2220 1324 2255 Dizion.
1353 2220 1397 2255 di
1423 2220 1537 2254 erud.
1567 2220 1715 2261 eccles„
1743 2219 1853 2254 artic.

206 2284 275 2318 Du
295 2284 415 2328 Puy.,·
435 2282 578 2328 Biogr.
599 2281 746 2321 eccles„
768 2280 878 2314 artic.
901 2281 1042 2320 Puteo,
1064 2285 1103 2314 et
1130 2279 1208 2314 alii.
1239 2280 1320 2314 Nos
1347 2284 1478 2314 autern
1505 2280 1605 2313 hanc
1631 2279 1739 2313 litem
1766 2279 1849 2314 diri-

205 2354 312 2377 mere
331 2341 491 2376 minime
511 2340 715 2382 audemus,
735 2339 988 2385 quantumvis
1008 2339 1135 2373 Patris
1154 2339 1277 2374 Nadal
1298 2338 1509 2373 auctoritas
1529 2339 1660 2384 magni
1674 2339 1856 2385 ponderis

204 2402 384 2437 habenda
402 2401 466 2445 sit,
487 2405 624 2446 utpote
643 2399 709 2446 qui
728 2404 806 2433 tam
826 2398 963 2433 intime
983 2403 1022 2433 et
1041 2398 1285 2434 familiariter
1302 2411 1390 2433 cum
1410 2398 1567 2433 laudato
1586 2398 1671 2433 viro
1695 2410 1855 2433 conver-

206 2467 315 2497 satus
335 2466 408 2496 est.

275 2522 288 2542 ⁵
339 2520 548 2556 Clausulae
568 2517 683 2563 hujus
703 2529 843 2552 sensus
862 2516 924 2551 hic
944 2528 1031 2551 esse
1057 2517 1231 2552 videtur:
1254 2517 1343 2552 Non
1362 2518 1522 2562 quidem
1542 2520 1772 2563 acceperam
1792 2518 1855 2552 lit-

205 2583 312 2614 teras
330 2578 681 2614 conwneudatitias
699 2577 911 2623 afamilia
929 2577 976 2610 de
995 2576 1255 2617 Affontafians,
1281 2589 1382 2621 qnae
1406 2576 1660 2623 cognationis
1682 2577 1856 2612 vinculis

204 2651 294 2674 cum
314 2640 501 2674 auditore
519 2637 734 2683 conjuncta
752 2639 863 2679 erat,·
879 2637 946 2670 sed
961 2639 1035 2681 per
1054 2636 1182 2670 aliam
1201 2637 1311 2671 viam
1332 2637 1490 2671 litteras
1508 2636 1588 2670 mei
1605 2637 1855 2671 commenda-

205 2699 319 2734 titias
337 2699 538 2743 adipsum
557 2697 788 2732 auditorem
808 2696 1022 2730 miserunt.

276 2760 290 2778 Γ*
342 2758 401 2792 Ita
426 2757 564 2799 Nadal,
592 2768 664 2791 nec
695 2755 789 2790 satis
814 2760 1010 2790 accurate.
1037 2754 1204 2789 Possent
1228 2755 1324 2789 haec
1349 2753 1514 2789 fortasse
1539 2755 1593 2790 ita
1617 2754 1852 2789 concinnari:

205 2818 292 2852 dixi
312 2817 560 2851 Domeneclzo
578 2804 659 2850 ‘non
674 2816 797 2862 plane
816 2815 951 2849 decere
976 2816 1020 2848 ut
1044 2813 1218 2847 oblatam
1243 2814 1291 2848 ab
1314 2814 1500 2849 auditore
1524 2814 1852 2860 hospitalitateafn.

205 2877 267 2911 vel
298 2875 491 2923 beneficii,
525 2876 587 2910 vel
617 2875 836 2922 dignitatis
866 2874 994 2920 ipsius
1024 2873 1238 2908 immemor
1265 2884 1512 2916 recusarem‚·
1545 2876 1760 2908 venturum
1793 2885 1855 2907 me

206 2939 340 2970 tamen
367 2936 421 2970 ad
446 2935 656 2981 Ignatium
683 2937 719 2969 et
745 2935 799 2969 ad
824 2933 1135 2973 Domenechmn,
1161 2935 1206 2967 ut
1230 2932 1310 2967 mei
1334 2944 1434 2979 erga
1458 2932 1562 2978 ipsos
1582 2932 1700 2979 grati
1723 2932 1856 2967 animi

206 3007 343 3031 sensus
362 2995 645 3041 exprimerem.
