2038 3313
814 224 836 258 6
863 223 963 260 IuLu
992 231 1080 270 1555
1701 223 1772 272 309

128 335 195 370 tor
217 328 370 370 buono
394 336 438 372 et
461 335 585 372 certo
608 328 649 371 al
674 329 726 370 P.
754 329 800 372 M
824 338 845 362 0
873 329 1072 383 Laynez,
1098 330 1298 385 parendo
1320 330 1407 372 alla
1431 331 1483 372 Ρ.
1507 331 1584 383 V.,
1606 331 1772 385 perche

127 406 187 447 ho
208 405 463 449 desiderato
487 406 625 448 molto
647 407 748 450 chel
772 407 824 448 P.
849 408 909 449 Μ.
937 407 1120 461 Laynez
1142 414 1358 450 mettesse
1381 406 1427 448 in
1449 405 1608 450 ordine
1626 406 1655 448 li
1672 406 1772 449 suoi

128 482 288 535 scritti,
316 490 360 527 et
383 482 706 538 specialmente
728 482 866 538 quelli
882 484 967 527 che
984 483 1167 539 possino
1189 483 1349 527 aiutar'
1371 484 1457 527 alla
1474 483 1637 527 misera
1654 485 1773 528 Ger-

130 559 294 613 mania;
321 567 365 604 et
389 568 550 615 questo
573 560 810 604 sacerdote
832 563 857 603 6
880 561 1018 603 molto
1042 561 1083 603 al
1104 560 1334 617 proposito
1352 576 1431 616 per
1449 568 1609 616 questo
1626 560 1775 604 officio

130 645 175 682 et
197 639 320 681 buon
343 637 499 692 latino,
526 645 570 682 et
595 638 751 690 fermo,
778 645 822 682 et
845 637 993 682 scriue
1016 639 1133 682 bene
1155 645 1201 682 et
1217 645 1584 691 correttamente,
1606 645 1651 682 et
1668 653 1775 694 pare

131 715 414 771 infatigabile
437 730 516 771 per
538 715 744 768 scriuer',
772 722 817 760 et
839 717 975 758 etiam
998 715 1229 759 inclinato.
1257 715 1428 761 Stiamo
1451 715 1550 759 sani
1571 731 1651 772 per
1668 730 1775 772 gra—

131 794 190 837 tia
212 794 285 838 del
309 793 519 849 Signore.

220 884 260 926 3.
327 872 402 914 Ho
425 871 638 914 mandato
659 871 689 913 li
712 872 802 916 due
824 871 870 914 in
895 872 1049 915 Padoa
1071 886 1157 914 con
1179 872 1221 916 le
1245 872 1552 924 caualcature,
1578 872 1698 916 doue
1716 871 1777 914 mi

129 956 425 1005 spettaranno
464 956 531 993 tre
569 962 595 990 o
632 956 813 1003 quattro
847 948 996 1005 giomi
1028 964 1107 1005 per
1135 964 1226 992 non
1255 951 1396 993 hauer
1426 948 1656 992 comodita
1689 963 1778 1005 qua

130 1034 301 1083 quanto
324 1026 370 1068 in
394 1027 548 1069 Padoa
570 1041 650 1082 per
673 1033 765 1069 star
788 1027 899 1080 loro,
926 1034 971 1071 et
993 1027 1117 1070 nulla
1139 1042 1218 1083 per
1240 1027 1282 1071 le
1305 1028 1608 1071 caualcature.

219 1117 262 1158 4.
328 1105 374 1146 Io
398 1105 456 1147 ho
479 1103 645 1147 lassato
668 1103 714 1146 in
737 1103 918 1148 Vienna
940 1103 1114 1148 Gionas
1136 1104 1265 1160 quasi
1293 1104 1668 1161 principalmente
1699 1119 1779 1160 per

130 1183 272 1226 hauer
295 1181 559 1225 conosciuta
581 1182 622 1225 13
644 1181 910 1225 inclination
932 1196 1030 1235 sua,
1058 1193 1103 1227 et
1126 1182 1450 1239 specialmente
1478 1198 1504 1226 a
1534 1183 1600 1225 far
1628 1183 1780 1238 quella

128 1259 251 1302 scola
267 1259 325 1303 de
342 1259 571 1316 insegnar’
593 1259 649 1302 ad
666 1260 809 1315 leger’
830 1266 875 1304 et
898 1259 1070 1304 scriuer
1092 1259 1122 1302 11
1139 1259 1273 1316 putti3
1295 1267 1366 1303 sta
1383 1259 1552 1317 meglio
1570 1259 1615 1303 di
1633 1259 1779 1303 sanita

131 1338 217 1381 che
238 1336 285 1379 in
308 1338 470 1389 Roma,
496 1344 540 1380 et
563 1338 588 1380 6
610 1338 779 1379 buono.

220 1425 261 1469 5.
327 1415 459 1459 Delle
481 1427 587 1459 cose
609 1414 654 1456 di
678 1414 858 1458 Vienna
875 1414 973 1458 diro
990 1414 1311 1459 diffusamente
1328 1415 1415 1458 alla
1434 1417 1487 1458 P.
1509 1417 1566 1459 V.
1589 1430 1615 1457 a
1636 1416 1779 1458 bocca

130 1506 219 1535 con
240 1493 284 1535 la
305 1491 452 1548 gratia
475 1493 548 1536 del
577 1492 790 1548 Signore;
824 1507 897 1535 ma
926 1499 995 1536 tra
1024 1500 1185 1549 questo
1214 1508 1369 1538 mezzo
1398 1492 1598 1538 scriuero
1630 1493 1779 1537 alcuni

130 1569 255 1626 ponti
278 1570 589 1614 breuemente.

218 1647 260 1691 6.
327 1649 402 1691 ΗΟ
434 1649 590 1700 hauto,
624 1648 788 1701 Padre,
820 1664 881 1691 vn
911 1664 1026 1706 gran
1055 1648 1295 1702 desiderio,
1329 1656 1373 1694 et
1403 1651 1478 1702 ho,
1511 1650 1596 1693 che
1626 1649 1779 1693 alcuni

127 1726 449 1770 attendesseno
472 1726 529 1768 ad
551 1725 712 1768 aiutar’
739 1726 814 1769 alli
835 1726 970 1783 pochi
993 1726 1206 1770 catholici
1228 1726 1275 1769 in
1298 1727 1566 1784 Alemagna,
1593 1734 1638 1771 et
1665 1742 1777 1770 con-

128 1804 262 1846 futar'
291 1803 429 1858 quelli
452 1803 603 1847 miseri
625 1803 828 1848 heretici.
858 1804 911 1847 Li
933 1804 1033 1847 suoi
1062 1803 1163 1847 libri
1191 1804 1229 1847 si
1263 1804 1569 1861 moltiplicano
1598 1804 1645 1847 in
1673 1804 1777 1847 infi-

127 1880 239 1934 nito,
281 1887 326 1925 et
355 1888 592 1938 stampano
629 1882 675 1924 di
713 1897 884 1936 nuouo3
917 1889 962 1927 et
995 1882 1025 1925 li
1055 1882 1156 1925 libri
1185 1882 1410 1935 catholici,
1443 1884 1528 1927 che
1556 1898 1639 1926 son
1677 1882 1777 1926 fatti

127 1965 287 2001 contra
308 1958 421 2012 loro,
447 1958 522 2015 gia
540 1974 631 2002 non
649 1959 686 2003 si
703 1966 940 2016 stampano
958 1960 1051 2016 piu,
1073 1976 1131 2005 ne
1148 1960 1277 2016 quasi
1294 1960 1332 2003 si
1350 1967 1558 2013 trouano,
1580 1960 1625 2003 in
1642 1962 1777 2004 modo

127 2037 212 2080 che
234 2035 264 2078 li
288 2036 507 2080 medesmi
529 2036 742 2080 catholici
766 2037 946 2091 dicono,
973 2039 1165 2095 (benche
1187 2053 1283 2081 non
1305 2037 1342 2081 si
1365 2053 1564 2094 possono
1587 2040 1776 2095 scusar')

126 2114 213 2158 che
250 2128 342 2156 non
373 2121 565 2157 trouano
604 2115 661 2157 da
698 2115 875 2172 legger'
915 2115 1016 2159 altri
1054 2115 1157 2158 libri
1186 2117 1272 2160 che
1304 2116 1363 2158 di·
1381 2116 1530 2171 questi
1564 2116 1773 2169 luterani,

129 2192 214 2235 che
245 2191 270 2234 6
302 2191 442 2235 andar
479 2198 599 2235 tutto
631 2193 718 2235 alla
751 2192 893 2247 roina,
930 2195 1015 2238 che
1047 2193 1122 2250 gia
1154 2194 1291 2236 etiam
1320 2193 1349 2236 li
1378 2193 1511 2250 pochi
1534 2193 1712 2237 catolici
1741 2193 1778 2237 si

128 2282 297 2311 curano
330 2283 443 2324 poco
483 2269 601 2315 delle
638 2270 1017 2314 scomunicationi
1049 2271 1123 2316 del
1155 2286 1285 2328 papa,
1323 2278 1368 2316 et
1400 2270 1704 2328 prohibitione
1734 2271 1779 2314 di

131 2346 292 2402 legger
329 2345 430 2388 libri
467 2347 671 2392 heretici.
720 2350 808 2392 Per
851 2356 1034 2404 questo,
1082 2349 1250 2401 Padre,
1298 2348 1337 2391 ci
1380 2348 1622 2392 habbiamo
1664 2349 1781 2391 sfor-

131 2430 233 2466 zato
256 2422 300 2465 di
324 2438 403 2480 per
425 2439 579 2469 mezzo
602 2425 675 2469 del
697 2426 967 2470 cancellario
996 2427 1039 2469 d'
1073 2426 1261 2470 Austria
1294 2428 1322 2479 ¹,
1348 2428 1516 2470 huomo
1539 2427 1677 2469 molto
1700 2441 1779 2469 ca—

132 2500 265 2544 tolico
289 2508 334 2545 et
355 2502 499 2554 dotto,
526 2503 593 2545 far
615 2502 659 2545 in
684 2503 863 2548 Vienna
886 2519 975 2546 vna
998 2511 1173 2560 stampa
1195 2505 1348 2547 buona
1376 2505 1423 2547 in
1452 2519 1586 2549 nome
1613 2505 1686 2548 del
1710 2519 1774 2557 re,

128 2578 247 2621 nella
269 2579 374 2633 qual
402 2579 438 2622 si
467 2587 779 2636 stampasseno
810 2581 1227 2636 quotidianamente
1255 2582 1357 2624 libri
1387 2582 1565 2625 catolici
1595 2589 1640 2626 et
1667 2597 1776 2638 pur—

126 2655 236 2711 gati,
263 2663 308 2700 et
330 2655 367 2699 si
392 2656 614 2701 facessino
638 2658 789 2701 alcuni
812 2658 953 2701 nuoui
984 2666 1143 2703 contra
1173 2667 1333 2715 questa
1360 2667 1490 2716 peste
1519 2659 1563 2702 di
1586 2661 1773 2704 Lutero.

126 2817 289 2852 innuere
308 2818 464 2853 videtur
483 2819 525 2853 P.
547 2819 751 2855 POLANCO
771 2821 809 2855 in
829 2821 994 2867 epistola
1013 2821 1061 2856 ad
1080 2821 1123 2855 P.
1150 2820 1367 2867 Canisium,
1393 2832 1414 2866 9
1440 2820 1568 2856 Martii
1597 2820 1702 2867 1560,
1728 2832 1777 2855 ex

126 2876 402 2912 commissione
422 2878 525 2913 data.
546 2878 641 2913 Eam
660 2879 782 2914 habes
802 2880 904 2926 apud
923 2882 1281 2922 BRAUNSBERGER,
1305 2880 1464 2916 Canisii
1478 2881 1625 2927 Epist„
1642 2881 1694 2926 11,
1710 2880 1780 2915 606

127 2936 211 2970 608.
234 2936 334 2971 Vide
354 2937 472 2972 etiam
491 2937 539 2972 de
559 2938 697 2973 eodem
717 2939 941 2986 Ambrosio,
961 2940 1056 2975 ibid.
1078 2951 1194 2986 pagg.
1220 2938 1300 2985 139,
1320 2946 1359 2975 et
1382 2949 1460 2984 159.

202 2998 211 3017 ¹
263 2997 435 3041 Joannes
454 2997 641 3032 Albertus
661 2998 965 3045 Widmanstadt,
985 3000 1034 3034 de
1059 3011 1135 3045 quo
1156 2999 1246 3034 vide
1269 3000 1486 3041 POLANCO,
1524 2999 1692 3041 Clzron„
1729 2999 1780 3043 V,

131 3063 216 3102 271,
234 3061 366 3092 annot.
387 3066 422 3100 23
443 3062 482 3093 et
500 3057 570 3103 IV,
588 3055 672 3103 236,
691 3063 823 3094 annot.
845 3068 879 3094 2.
