2038 3313
798 181 819 218 5
846 174 870 220 J
872 182 960 210 UN11
988 181 1078 219 1557
1695 177 1771 224 349

896 417 982 457 92

560 525 613 567 Ρ.
650 524 1066 571 HIERONYMUS
1098 527 1318 570 NADAL

478 635 721 674 DOMINO
765 637 1026 676 VICARIO
1070 639 1382 676 GENUENSI

644 739 832 794 Rornae,
861 751 883 795 5
903 739 1030 798 Junii
1058 751 1168 796 1557
1196 742 1225 784 ¹.

105 851 242 886 Libros
259 851 308 886 ab
326 852 410 899 ipso
423 852 649 898 postulatos
667 852 777 888 bre-vi
799 852 985 888 Genuam
1004 854 1233 889 mittendos.
1254 854 1473 902 Negotium
1490 855 1765 903 fundationis

655 912 818 960 collegii
835 913 915 959 ipsi
934 914 1202 949 commendat.

842 1016 995 1072 Jesus.

188 1128 318 1170 Rmo.
345 1128 519 1171 Monsst·
549 1127 581 1170 ².
608 1128 673 1171 La
695 1126 842 1183 gratia
865 1134 910 1171 et
932 1142 1044 1184 paee
1074 1128 1131 1173 de
1154 1128 1337 1172 Christo
1365 1136 1524 1173 nostro
1554 1131 1757 1188 Signore

99 1203 165 1247 sia
187 1219 365 1261 sempre
388 1205 495 1249 nell’
520 1204 670 1248 anima
693 1205 707 1225 ⁵
731 1205 788 1249 de
811 1206 869 1248 V.
896 1205 945 1249 S.
972 1206 1025 1248 R.
1047 1220 1134 1249 eon
1157 1213 1373 1251 aumento
1395 1207 1501 1252 delli
1523 1207 1632 1251 doni
1650 1210 1753 1253 suoi

97 1280 337 1338 spirituali.

182 1360 243 1403 Al
267 1366 417 1416 tempo
440 1361 512 1403 ch’
538 1359 580 1403 io
603 1374 799 1416 passauo
822 1360 868 1402 in
891 1361 1079 1417 Spagna
1100 1359 1161 1403 mi
1179 1361 1305 1417 parli)
1323 1363 1380 1406 V.
1403 1363 1452 1406 S.
1473 1363 1592 1408 delle
1609 1378 1751 1420 opere

89 1437 164 1481 del
187 1437 315 1490 3010,
350 1437 393 1481 16
414 1437 536 1494 quali
558 1437 746 1482 insieme
769 1452 855 1481 eon
885 1437 1035 1480 alcuni
1065 1438 1166 1481 altri
1195 1438 1297 1481 libri
1325 1440 1385 1482 ho
1413 1439 1560 1484 inteso
1594 1456 1752 1486 essere>

89 1513 288 1558 arriuate
310 1529 336 1557 a
357 1515 393 1557 F
397 1514 593 1566 iorenza,
620 1521 666 1558 et
687 1515 781 1557 0051
798 1514 835 1557 51
853 1514 1003 1558 seriue
1019 1515 1061 1558 al
1079 1522 1221 1559 rettor
1238 1515 1283 1558 di
1302 1517 1408 1571 quel
1426 1524 1583 1560 nostro
1602 1519 1746 1563 colle-

87 1590 164 1647 gio
184 1591 228 1635 16
249 1591 401 1635 mandi
424 1607 450 1635 a
473 1593 530 1635 V.
557 1593 605 1636 S.
633 1594 762 1636 Rma.
789 1606 876 1635 con
899 1599 1061 1648 questa
1082 1592 1171 1636 mia
1193 1593 1354 1637 lettera
1377 1594 1416 1646 ⁴,
1444 1601 1489 1638 et
1511 1596 1572 1638 ho
1608 1610 1744 1652 preso

89 1668 332 1713 uolontieri
353 1676 511 1725 questa
542 1669 781 1714 occasione
808 1670 865 1714 de
893 1670 1064 1713 salutar
1094 1671 1150 1714 V.
1177 1671 1225 1715 S.
1259 1677 1304 1715 et
1333 1671 1549 1715 offerirmi
1583 1673 1624 1715 al
1657 1687 1748 1717 suo

88 1745 291 1799 seruitio,
317 1761 398 1803 per
418 1746 449 1789 il
471 1747 604 1802 quale
625 1762 738 1790 sono
759 1747 900 1790 molto
921 1754 1084 1804 pronto
1106 1748 1181 1792 nel
1203 1749 1274 1792 Sr.
1296 1754 1451 1791 nostro
1463 1749 1742 1806 Jesueristo,

87 1824 161 1867 nel
183 1824 315 1881 quale
332 1824 632 1867 raceomando
649 1831 820 1880 quanto
838 1839 974 1881 posso
990 1825 1032 1868 16
1049 1839 1155 1869 0056
1172 1825 1246 1869 (161
1262 1825 1458 1881 collegio
1476 1826 1521 1868 di
1539 1827 1742 1871 Genoua

86 1915 113 1944 a
136 1901 192 1944 V.
219 1902 289 1954 S.,
314 1902 491 1946 benehe
514 1917 564 1945 so
587 1903 628 1946 16
652 1901 772 1946 tiene
793 1916 923 1946 come
945 1917 1054 1954 sue,
1082 1903 1275 1946 essendo
1304 1902 1411 1946 delli
1443 1903 1543 1946 suoi
1577 1904 1740 1960 figlioli

86 1985 132 2023 et
174 1978 295 2022 serui
336 1979 410 2023 nel
451 1978 700 2023 medesimo
743 1980 814 2023 Sr.
860 1986 1018 2022 nostro
1056 1978 1308 2036 Jesueristo
1331 2013 1340 2032 ,
1393 1995 1419 2023 a
1462 1980 1536 2023 cui
1580 1981 1740 2025 diuina.

84 2055 130 2100 M
138 2055 191 2098 ‚ta
219 2055 391 2112 piaccia
412 2071 438 2099 a
460 2056 566 2099 tutti
590 2057 657 2100 far
679 2056 849 2101 sentire
867 2071 1045 2113 Sempre
1064 2063 1109 2100 et
1126 2056 1357 2113 adempire
1374 2072 1457 2100 sua
1474 2057 1734 2102 santissima

85 2134 285 2177 uolonta.

169 2213 240 2256 De
264 2213 422 2264 Roma,
451 2222 474 2266 5
500 2211 545 2254 di
568 2211 757 2268 Giugno
781 2222 909 2267 1557.

152 2393 162 2412 ¹
214 2392 273 2426 Ex
291 2393 459 2440 Regesto
478 2393 574 2434 litt„
596 2392 664 2436 IV,
684 2391 768 2427 381.

148 2453 162 2471 ²
214 2450 257 2485 In
277 2451 465 2497 margine:
491 2451 672 2487 Genoua.
694 2452 746 2486 Al
774 2452 948 2487 Vicario.
972 2452 1048 2487 Del
1068 2453 1140 2486 ΡΙ
1157 2452 1318 2488 Natale.

148 2510 162 2529 ³
213 2511 303 2555 Ms.‚
323 2512 474 2546 anime.

148 2572 162 2592 ⁴
213 2579 232 2615 5
252 2571 360 2616 Junii
378 2580 481 2616 1557,
498 2572 706 2617 Polancus,
722 2583 770 2606 ex
785 2571 1001 2613 commiss„
1021 2571 1166 2607 rectori
1179 2571 1388 2617 genuensi:
1407 2585 1472 2608 «...
1490 2572 1570 2618 Qui
1585 2584 1632 2608 ua
1648 2584 1730 2608 una

75 2630 216 2665 lettera
233 2630 282 2665 de
302 2631 367 2665 Re
389 2631 529 2666 Natale
547 2631 659 2678 peril
681 2630 826 2666 vicario
851 2631 889 2666 di
915 2631 1081 2667 Genoua
1111 2632 1147 2666 la
1171 2632 1285 2678 quale
1310 2643 1352 2667 se
1379 2631 1405 2667 li
1429 2631 1538 2678 potr&
1564 2632 1724 2667 mandat

73 2690 133 2724 eol
153 2689 252 2725 libro
272 2701 512 2736 promesso.»
