2038 3313
318 225 388 261 818
944 224 1082 258 EPIST.
1111 223 1155 257 P.
1185 223 1337 258 NADAL

1108 320 1166 354 43

403 382 479 423 Ex
521 380 605 422 litt.
652 379 884 435 quadrim
934 379 1243 435 Ulyssiponae.
1290 380 1558 434 Decembre,
1603 392 1629 423 Ι
1630 383 1733 436 562
1746 406 1865 424 --...
1908 381 1962 423 ΕΙ

315 443 387 486 Sr.
419 442 478 483 D.
505 441 639 496 Joa'm,
672 453 761 495 que
789 453 838 483 es
867 439 910 482 el
939 453 1019 494 rey
1047 439 1104 482 de
1133 439 1325 494 Ceylc'm,
1367 453 1456 495 que
1478 439 1627 483 arriba
1654 440 1780 498 digo,
1818 454 1868 483 es
1896 454 1960 483 un

313 501 562 543 moehacho
585 500 641 542 de
663 500 793 541 hasta
822 511 838 541 Ι
848 508 870 552 5
894 512 1022 550 anos,
1050 512 1140 553 que
1161 497 1271 541 uino
1292 499 1350 542 de
1371 499 1416 541 13
1436 499 1564 542 India
1585 504 1612 543 a
1634 499 1857 556 aprender
1878 503 1960 542 363

312 561 378 603 las
399 573 529 602 cosas
551 559 608 603 de
630 559 673 601 13
694 558 767 614 ley
789 573 818 613 y
840 559 1015 601 buenas
1037 558 1322 601 costumbres
1343 573 1373 614 y
1395 559 1542 602 latin..
1553 561 1615 602 .¹.

305 679 409 713 tiam
427 678 623 718 codicum,
644 687 733 723 pag.
752 684 864 721 LXIV,
884 679 934 720 c).
962 675 1062 711 Vide
1081 688 1212 723 supra,
1231 689 1270 712 n.
1297 687 1344 722 40
1368 677 1485 724 hujus
1504 677 1731 725 appendicis
1751 677 1957 724 epistolam

308 725 435 760 Patris
453 724 663 770 Cordeses,
683 723 747 759 cui
765 723 805 759 in
822 725 895 759 hac
912 735 1145 770 responsum
1163 724 1292 761 datur.

379 775 389 794 ¹
441 773 500 807 Ex
522 772 648 807 Lusit.
670 772 814 819 Epist„
838 773 912 807 loc.
933 771 1017 817 cit.,
1043 772 1110 807 fol.
1139 772 1223 807 261.
1252 773 1296 807 In
1321 772 1394 807 hoe
1417 772 1609 819 epistolae
1633 773 1857 819 fragmento
1882 771 1949 807 de-

307 822 475 856 claratur
504 819 685 866 quisnam
716 824 822 855 esset
852 820 889 855 el
921 819 986 854 S!
1016 819 1070 854 D.
1097 819 1223 865 Joan,
1256 820 1304 855 de
1337 831 1415 866 quo
1444 831 1573 856 sermo
1602 821 1728 857 estin
1754 832 1842 867 pag.
1870 819 1958 866 668,

309 873 443 904 annot.
463 877 484 902 2
502 867 618 914 hujus
638 867 747 903 tomi.
