2038 3313
662 219 900 254 EPISTOLAE
927 218 971 253 P.
1000 218 1151 253 NADAL
1636 228 1707 255 xix

62 331 257 382 gereret,
283 323 427 380 primo
456 323 637 378 quidem
666 321 713 364 in
735 321 904 374 Sicilia,
938 321 1176 378 Hispania,
1203 328 1248 364 et
1270 319 1520 373 Lusitania,
1547 321 1711 365 deinde

61 416 169 445 vero
192 400 333 457 ipsius
365 400 550 443 nomine
572 398 863 443 Germaniam
894 406 939 442 et
968 398 1253 454 Hispaniam,
1286 405 1444 454 postea
1472 394 1606 441 etiam
1630 413 1711 454 pro

64 481 158 522 ΡΡ.
184 478 351 522 Lainez
374 485 420 520 et
444 477 579 533 Borja
599 478 753 534 plures
776 475 1032 532 provincias
1055 491 1233 519 summa
1255 475 1526 518 auctoritate
1543 475 1711 518 invise-

61 564 144 610 ret3
170 571 304 599 nemo
326 555 575 612 pleniorem
600 553 738 597 totius
767 553 1008 598 Societatis
1036 568 1115 610 per
1144 555 1373 609 Europam
1403 552 1712 609 cognitionem

65 637 201 678 Patre
223 634 370 677 Nadal
392 632 607 676 habuisse
623 631 819 675 videtur.
843 632 960 674 Cum
985 639 1136 674 autem
1161 630 1252 674 acri
1270 630 1459 687 ingenio
1482 630 1714 686 praeditus

63 719 183 755 esset
209 712 265 754 ad
294 725 588 767 personarum
626 716 672 752 et
708 708 998 765 negotiorum
1038 708 1257 752 rationem
1295 708 1464 760 statim,
1506 722 1558 751 ac
1588 709 1715 751 velut

64 789 159 833 ictu
182 788 318 842 oculi,
345 787 761 844 introspiciendam,
781 794 826 829 et
844 786 1027 829 aliunde
1050 801 1160 843 erga
1177 785 1461 842 praepositos
1479 786 1717 842 generales

64 882 241 911 summa
269 865 560 909 veneratione
599 872 644 908 et
681 863 939 907 omnimoda
975 863 1235 908 obedientia
1272 864 1478 920 polleret,
1514 863 1718 919 nihilque

64 945 182 988 inter
204 952 270 988 tot
289 951 504 999 tantaque
522 943 707 999 negotia
725 957 804 998 per
820 942 1112 999 semetipsum
1132 949 1332 986 statuere
1348 942 1501 994 vellet,
1523 941 1620 984 sine
1638 956 1717 984 su-

65 1012 297 1079 periorum*
325 1020 635 1077 beneplacito;
661 1019 1009 1076 diligentissime
1031 1027 1076 1063 et
1109 1021 1371 1076 frequenter
1393 1020 1637 1062 admodum
1661 1020 1718 1062 de

66 1100 259 1157 singulis
292 1100 429 1142 rebus
458 1106 503 1141 et
536 1097 740 1154 personis
773 1099 829 1141 ad
859 1097 958 1140 illos
992 1098 1318 1154 perscribebat,
1346 1098 1467 1140 unde
1499 1098 1638 1140 fiebat
1667 1105 1718 1139 ut

66 1176 308 1234 praepositi
347 1176 584 1232 generales
617 1190 688 1217 res
719 1175 839 1231 ipsas
872 1175 1013 1218 veluti
1047 1176 1141 1218 suis
1174 1175 1258 1231 ipsi
1289 1175 1434 1218 oculis
1463 1175 1718 1231 perspicere

68 1262 268 1312 possent.

155 1332 332 1389 Ignatio
355 1346 426 1375 res
449 1331 646 1384 Siciliae,
674 1345 969 1387 personarum
993 1331 1122 1374 dotes
1144 1338 1189 1374 et
1212 1345 1416 1384 munera,
1443 1331 1600 1374 turbas
1624 1332 1715 1375 Lu-

65 1410 270 1464 sitaniae,
296 1409 492 1454 remedia
515 1409 732 1461 adhibita,
760 1410 935 1452 fructus
963 1408 1232 1452 laetissimos
1264 1408 1325 1450 ibi
1348 1409 1585 1462 collect0s3
1610 1425 1693 1466 pro
1709 1436 1718 1439 <

66 1488 325 1532 vincialium
356 1487 605 1544 Hispaniae
643 1494 687 1530 et
715 1486 999 1542 superiorum
1029 1487 1181 1539 dotes,
1214 1486 1441 1543 regimen,
1473 1486 1716 1531 difficulta-

67 1574 150 1620 tes,
177 1581 304 1609 suam
328 1566 375 1608 in
397 1564 688 1609 Germaniam
713 1579 816 1608 cum
839 1566 992 1621 legato
1016 1564 1242 1621 pontificis
1266 1564 1541 1619 missionem3
1568 1573 1670 1608 acta
1693 1581 1718 1609 a

67 1659 115 1687 se
138 1643 358 1696 Venetiis,
387 1642 579 1696 Patavii,
605 1644 640 1685 F
644 1642 854 1694 errariae,
883 1641 1102 1694 Mutinae,
1125 1641 1304 1698 aliaque
1320 1642 1476 1698 magni
1499 1643 1717 1686 momenti

67 1723 124 1766 ad
146 1721 380 1766 historiam
403 1722 640 1765 enucleate
668 1721 820 1764 refert.
855 1720 980 1763 Patri
1010 1720 1177 1764 Lainez
1205 1720 1263 1763 de
1292 1720 1422 1764 novis
1444 1721 1649 1777 collegiis
1672 1721 1718 1764 in

67 1799 288 1856 Hispania
319 1798 626 1851 instituendis,
652 1799 709 1841 de
731 1797 947 1854 operariis
970 1798 1027 1840 ad
1051 1797 1286 1841 Brasiliam
1309 1805 1355 1841 et
1377 1799 1434 1840 ad
1456 1799 1591 1841 Indos
1614 1799 1719 1841 mit—

68 1877 231 1930 tendis,
257 1878 314 1920 de
335 1875 558 1920 divisione
585 1875 845 1932 provinciae
873 1876 1162 1928 castellanae,
1194 1877 1251 1918 de
1280 1876 1417 1919 rebus
1446 1876 1638 1929 Galliae,
1664 1874 1720 1919 de

66 1955 198 1998 bonis
216 1953 612 1998 concionatoribus
629 1953 675 1995 in
691 1952 983 1997 Germaniam
1003 1952 1252 2006 mittendis,
1273 1954 1329 1996 de
1348 1952 1532 1996 Canisio
1550 1953 1719 2009 juvan-

68 2033 145 2085 do,
177 2033 234 2075 de
260 2030 501 2075 haereticis
537 2030 830 2082 insectandis,
872 2031 929 2074 de
958 2030 1205 2074 Germania
1227 2030 1273 2072 in
1311 2031 1426 2074 duas
1464 2030 1720 2087 provincias

70 2110 325 2164 tribuenda,
358 2109 415 2152 de
443 2108 660 2152 cardinali
692 2116 969 2165 augustano,
1002 2109 1059 2151 de
1086 2107 1223 2151 variis
1253 2108 1458 2165 collegiis
1487 2109 1560 2152 vel
1590 2108 1721 2152 insti-

70 2187 251 2231 tuendis
272 2187 346 2230 vel
367 2185 703 2240 ordinandis3...
731 2187 901 2230 Sancto
924 2187 959 2229 F
963 2185 1168 2229 rancisco
1190 2186 1248 2229 de
1282 2186 1432 2242 Borja,
1459 2186 1516 2229 de
1545 2188 1720 2242 profes-

72 2265 198 2309 sione
220 2264 325 2308 fidei
348 2265 404 2307 ab
427 2263 650 2321 episcopis
680 2263 887 2307 facienda
909 2263 956 2306 in
984 2263 1231 2307 Germania
1261 2270 1505 2319 antequam
1540 2263 1721 2307 dioece-

70 2342 196 2386 sibus
217 2342 552 2398 praeficiantur,
578 2342 636 2385 de
658 2340 816 2385 mediis
840 2342 896 2384 ad
919 2342 1055 2384 fidem
1079 2341 1347 2384 catholicam
1377 2349 1537 2385 contra
1559 2343 1721 2385 haere-

73 2421 185 2464 ticos
208 2421 439 2472 tuendam,
464 2421 521 2462 de
544 2419 757 2463 Patribus
779 2420 836 2463 ad
860 2420 1031 2476 gradus
1054 2419 1388 2475 promovendis,
1415 2420 1471 2463 de
1495 2427 1724 2464 conventu

56 2486 347 2554 augustano,
373 2499 428 2541 de
447 2497 716 2553 imperatore
733 2497 778 2539 in
796 2498 914 2540 bello
933 2496 1186 2553 hungarico
1198 2497 1419 2552 juvando;
1441 2498 1498 2540 de
1516 2496 1585 2549 iis,
1608 2511 1725 2552 quae

76 2590 179 2618 cum
202 2578 445 2619 Manaraeo
466 2574 586 2620 circa
608 2574 794 2631 negotia
822 2574 999 2618 Galliae
1032 2574 1258 2627 tractavit,
1290 2575 1348 2618 de
1367 2574 1726 2631 congregatione

75 2652 338 2709 provinciali
358 2651 541 2696 Parisiis
564 2652 732 2695 habita.
762 2653 907 2696 Multa
929 2651 1016 2695 alia
1040 2653 1238 2704 tandem,
1265 2666 1409 2708 eaque
1431 2652 1585 2708 magni
1611 2667 1726 2708 pon-

78 2730 212 2783 deris,
232 2730 279 2772 in
308 2730 377 2772 his
400 2729 602 2786 epistolis
627 2730 726 2773 fuse
749 2736 1101 2786 pertractantur,
1129 2744 1246 2784 quae
1275 2729 1534 2773 distinctius
1564 2729 1607 2772 in
1631 2730 1726 2772 sin—

79 2809 289 2864 gulorum
312 2807 593 2851 voluminum
617 2807 797 2864 propria
818 2807 1100 2863 praefatione
1123 2807 1439 2850 indicabimus.

170 2886 234 2928 Ea
256 2884 547 2927 nihilominus
572 2884 701 2928 facile
723 2884 947 2941 conjicere
971 2884 1071 2940 quis
1089 2884 1269 2941 poterit,
1290 2885 1327 2927 si
1344 2884 1543 2928 animum
1567 2887 1728 2929 adver-

83 2969 146 3006 tat
169 2962 215 3004 in
237 2961 452 3018 egregios
475 2977 765 3018 summosque
787 2962 925 3016 viros,
952 2961 1117 3017 quibus
1140 2962 1212 3005 vel
1230 2964 1394 3006 charus
1411 2963 1483 3005 vel
1502 2962 1730 3006 familiaris

83 3038 230 3087 extitit
255 3041 306 3082 Ρ.
333 3040 494 3092 Nadal,
521 3046 566 3082 et
588 3039 860 3095 quibuscum
885 3039 1065 3095 saepius
1088 3040 1316 3095 agendum
1335 3039 1418 3095 ipsi
1438 3040 1522 3083 tuit
1544 3041 1600 3083 de
1624 3055 1729 3096 gra-
