2038 3313
216 210 260 254 56
810 212 948 246 ΕΡ13Τ.
977 211 1021 246 P.
1050 212 1275 256 NADAL—-7

1025 419 1058 458 ἵ

664 528 716 569 Ρ.
755 527 1171 571 HIERONYMUS
1205 528 1426 572 NADAL

501 632 777 670 SANCTO
821 632 1121 670 IGNATIO
1166 635 1248 668 DE
1298 632 1577 671 LOYOLA

704 731 959 782 Messanae,
997 742 1021 783 7
1057 729 1164 785 Maji
1204 741 1315 787 1549
1353 731 1381 772 ¹.

312 844 461 878 Sacrae
479 844 690 889 virginum
711 843 909 888 reliquiae
927 843 971 877 in
991 843 1184 889 templum
1212 843 1421 878 Societatis
1438 844 1608 879 solemni
1621 847 1773 891 pompa

878 902 1206 949 transferantur.

312 1036 349 1066 1.
415 1023 638 1066 Auisamo
668 1023 713 1064 la
744 1024 802 1064 P.
851 1023 894 1064 V.
933 1037 1052 1064 come
1075 1023 1115 1065 le
1144 1021 1333 1077 reliquie
1366 1030 1496 1066 sante
1529 1024 1585 1066 de
1617 1024 1658 1066 le
1691 1023 1869 1080 Vergini

217 1099 389 1142 martiri
412 1101 446 1153 ²,
472 1114 559 1143 con
582 1101 695 1143 altre
717 1101 802 1142 che
824 1101 1046 1142 haueamo
1070 1099 1219 1142 dateci
1248 1100 1366 1143 dalla
1393 1099 1579 1157 signora
1609 1100 1871 1157 viceregina

218 1184 265 1220 et
285 1177 437 1220 donna
460 1177 648 1220 Isabella
678 1179 710 1228 ³,
743 1184 852 1228 etc.,
884 1177 926 1219 la
954 1176 1192 1219 domenica
1221 1184 1378 1232 pasata
1411 1178 1426 1197 4
1462 1178 1623 1220 furono
1655 1185 1872 1222 recevute

218 1269 305 1298 0011
328 1254 629 1311 grandissima
652 1254 843 1297 solenita
865 1261 910 1296 et
933 1254 1243 1297 consolatione
1265 1254 1311 1296 di
1333 1262 1495 1310 questa
1517 1255 1647 1308 citta3
1681 1270 1759 1311 per
1786 1257 1871 1299 che

293 1419 303 1439 ¹
356 1418 414 1451 Ex
432 1417 655 1463 apographo
673 1426 833 1461 coaevo,
854 1416 893 1450 in
912 1416 1043 1462 Epist.
1065 1415 1220 1457 Natal„
1243 1417 1294 1460 II,
1321 1416 1435 1451 unico
1461 1416 1544 1460 fol.,
1564 1427 1610 1461 44
1635 1417 1874 1462 (609).—Est

220 1476 339 1511 etiam
357 1477 523 1511 alterum
543 1477 742 1522 exemplar
760 1476 1028 1521 apographum
1046 1475 1161 1520 hujus
1182 1476 1384 1521 epistolae,
1400 1476 1600 1522 hispanice
1615 1476 1818 1523 scriptum,
1834 1476 1872 1511 in

220 1537 350 1582 Epist.
371 1536 524 1577 Mixtis,
545 1536 762 1581 1539—1548
779 1535 890 1578 (alias
910 1537 987 1570 vol.
1010 1535 1074 1580 A),
1094 1535 1160 1570 fol.
1185 1544 1251 1579 190
1269 1539 1326 1580 (71
1349 1541 1390 1570 et
1408 1539 1482 1580 72).
1504 1537 1723 1582 Utrumque
1742 1548 1874 1571 exem-

220 1597 303 1642 plar
321 1608 341 1630 a
361 1597 404 1631 Ρ.
425 1597 591 1631 Polanco
610 1595 862 1630 emendatum
882 1595 970 1630 fuit.
991 1595 1167 1629 Tandem
1187 1595 1225 1630 in
1248 1596 1342 1630 Litt.
1365 1597 1603 1640 Quadrim„
1624 1597 1654 1639 I,
1679 1605 1759 1641 152,
1783 1602 1875 1631 sunt

220 1662 406 1702 excerpta
425 1656 630 1702 quaedam,
650 1655 690 1690 in
709 1655 851 1702 quibus
871 1655 1045 1701 pressius
1064 1655 1202 1690 eadem
1222 1661 1465 1702 enarrantur,
1485 1656 1641 1691 omissis
1665 1655 1874 1702 aliquibus,

220 1728 320 1763 quae
339 1728 427 1751 cum
447 1716 495 1750 ad
513 1704 714 1751 historiam
734 1727 810 1750 non
830 1715 982 1751 inutilia
1000 1715 1083 1750 fore
1098 1715 1335 1761 judicemus,
1361 1716 1554 1762 integram
1583 1717 1788 1763 epistolam
1814 1716 1876 1751 hic

219 1776 410 1811 exhibere
430 1776 694 1812 decrevimus.
715 1776 828 1822 Quae
848 1777 1040 1810 Polancus
1059 1775 1222 1819 delevit,
1243 1787 1288 1810 ea
1302 1775 1444 1811 italicis
1460 1776 1602 1811 litteris
1617 1775 1874 1821 signabimus:

220 1848 320 1883 quae
341 1847 434 1871 vero
453 1836 694 1881 emendavit,
715 1836 763 1870 ad
781 1837 930 1871 calcem
944 1836 1174 1882 paginarum
1189 1837 1478 1871 annotabimus.
1496 1837 1631 1871 Italico
1646 1836 1875 1883 exemplari,

221 1897 323 1943 quod
343 1908 412 1931 nos
432 1897 680 1942 exhibemus,
700 1896 763 1930 hic
782 1896 920 1931 titulus
952 1896 1150 1942 praefixus
1175 1901 1255 1930 est:
1282 1906 1398 1941 1549.
1430 1897 1588 1931 Sicilia.
1618 1897 1678 1931 De
1705 1896 1873 1937 Micina‚

222 1956 309 1991 stiffi.
327 1956 477 1998 Nadal‚
498 1965 519 2001 7
537 1957 582 1991 di
599 1956 784 2003 IVIaggio.
811 1956 1017 2002 Hispaniei
1045 1967 1138 1990 vero
1166 1956 1415 2002 exemplaris,
1444 1956 1506 1991 hic
1533 1956 1688 1991 titulus:
1720 1957 1877 1991 Sacado

220 2018 267 2051 de
287 2017 411 2051 letras
428 2018 474 2051 de
494 2017 668 2057 Mecina,
689 2017 735 2050 (le
754 2016 909 2050 Mastro
929 2016 1080 2057 Nadal,
1101 2028 1126 2062 y
1140 2017 1325 2062 primero
1345 2016 1430 2062 [sic]
1448 2017 1513 2051 del
1531 2029 1612 2051 mes
1630 2018 1677 2051 de
1695 2017 1827 2062 Mayo.

293 2078 306 2096 ”-'
358 2076 548 2110 POLANC.
568 2075 731 2118 addidit,
758 2077 950 2110 mandate
978 2076 1032 2110 da
1070 2076 1111 2109 V.
1142 2076 1304 2110 P.-—De
1331 2076 1390 2110 his
1417 2076 1594 2122 reliquiis
1621 2075 1778 2122 scripsit
1805 2076 1875 2110 Po-

222 2137 333 2169 ]anco
352 2135 400 2169 ad
419 2136 462 2169 Ρ.
484 2135 607 2169 Nadal
627 2147 673 2169 ex
692 2136 983 2176 commissione,
1004 2144 1024 2179 5
1045 2135 1219 2180 Januarii
1239 2141 1279 2170 et
1297 2145 1342 2170 20
1362 2136 1490 2170 Martii
1510 2137 1624 2183 hujus
1643 2136 1747 2171 anni.
1774 2135 1875 2170 Vide

223 2195 437 2241 Regestztm
460 2194 571 2236 Lz‘tt„
593 2195 625 2238 I,
648 2194 709 2228 181
734 2200 773 2229 et
791 2194 856 2228 182
876 2207 914 2228 v.

294 2255 307 2273 ³
359 2254 466 2288 Haec
485 2254 701 2289 sententia:
719 2255 783 2289 che
797 2255 995 2289 liaueamo
1010 2255 1141 2288 dateci
1154 2255 1269 2288 dalla
1285 2254 1408 2301 Sig‚ra
1433 2256 1669 2302 Viceregina
1683 2259 1719 2291 et
1739 2257 1876 2290 donna

225 2314 408 2354 Isabella,
429 2326 639 2360 suppressa
658 2313 732 2349 fuit
750 2314 790 2348 in
810 2313 1012 2360 hispanico
1032 2314 1260 2360 exemplari.

294 2375 307 2394 4
359 2374 579 2408 AGUILERA
597 2375 839 2408 Provinciae
857 2374 1016 2408 Siculae
1030 2374 1138 2415 hist„
1156 2378 1255 2419 part.
1273 2374 1303 2419 I,
1319 2385 1404 2420 cap.
1423 2375 1454 2420 I,
1467 2387 1505 2409 n.
1523 2384 1637 2420 XXXI,
1653 2376 1749 2409 haec
1762 2380 1876 2420 gesta

221 2433 345 2468 fuisse
364 2433 418 2467 ait
436 2443 477 2467 XI
495 2435 567 2468 cal.
590 2433 695 2479 Maji,
715 2434 740 2468 i.
763 2445 797 2468 e.
818 2434 881 2468 die
906 2443 947 2468 21
972 2433 1132 2480 Aprilis,
1158 2444 1234 2479 quo
1251 2433 1320 2468 die
1345 2434 1482 2468 incidit
1508 2434 1654 2469 festum
1680 2435 1877 2481 paschatis

223 2493 289 2527 illo
307 2503 421 2527 anno.
449 2492 491 2526 Si
522 2499 653 2528 autem
681 2493 847 2539 epistola
872 2494 943 2527 Ρ.ἰΒ
972 2493 1095 2527 Nadal
1122 2493 1265 2539 scripta
1290 2493 1364 2528 fuit
1393 2503 1405 2528 1
1434 2494 1540 2540 Maji,
1569 2500 1612 2529 ut
1640 2496 1807 2529 habetur
1836 2495 1875 2529 in

224 2552 437 2598 exemplari
456 2553 669 2598 hispanico,
691 2558 783 2587 tunc
803 2553 1004 2587 sollemnis
1024 2564 1163 2599 pompa
1181 2553 1283 2587 facta
1307 2553 1448 2588 fuisset
1474 2554 1537 2588 die
1559 2554 1603 2588 28
1632 2554 1792 2600 Aprilis,
1819 2566 1874 2589 30.

220 2612 431 2658 dominica,
450 2624 549 2658 quae
569 2613 677 2647 audit
695 2614 741 2647 de
763 2614 1029 2657 Quasimodo.
1057 2612 1099 2647 Si
1126 2613 1283 2647 tandem
1311 2614 1354 2647 P.
1385 2614 1507 2648 Nadal
1535 2625 1645 2648 suam
1672 2614 1876 2660 epistolam

221 2672 286 2707 die
305 2680 326 2716 7
346 2672 437 2716 Maii
456 2672 628 2718 scripsit,
650 2678 691 2707 ut
710 2672 854 2707 dicitur
874 2673 913 2707 in
933 2673 1148 2718 exemplari
1167 2673 1315 2717 italico,
1335 2685 1413 2718 res,
1428 2685 1528 2719 quae
1543 2673 1582 2707 in
1598 2685 1643 2707 ea
1658 2679 1876 2716 narrantur,

223 2737 335 2766 actae
353 2731 524 2766 fuissent
543 2733 715 2767 secunda
733 2733 928 2767 dominica
948 2738 1034 2779 post
1059 2734 1214 2778 pascha.
1245 2733 1359 2778 Quod
1387 2745 1480 2768 vero
1507 2734 1697 2767 affirmare
1724 2733 1879 2767 videtur

224 2793 268 2827 P.
290 2793 472 2835 Polanco,
496 2791 661 2833 Clzron„
683 2794 714 2838 Ι,
734 2792 907 2838 366-367,
928 2793 1252 2839 supplicationem
1273 2794 1378 2827 illam
1397 2793 1570 2828 habitam
1585 2793 1707 2827 fuisse
1723 2793 1761 2827 in
1777 2792 1882 2827 festo

223 2852 397 2898 corporis
417 2852 579 2898 Christi,
595 2854 781 2888 mendose
801 2865 958 2900 prorsus
978 2854 1166 2900 scriptum
1186 2860 1259 2897 est,
1281 2860 1362 2889 tum
1383 2867 1431 2889 ex
1455 2854 1585 2898 dictis,
1614 2860 1695 2888 tum
1723 2865 1771 2888 ex
1799 2853 1877 2900 epi-

226 2914 326 2947 stola
344 2924 366 2946 a
385 2914 428 2947 B.
451 2913 609 2948 Canisio
627 2913 690 2948 die
711 2923 730 2957 5
751 2914 858 2958 Junii
878 2914 982 2959 data,
1002 2914 1028 2948 i.
1050 2927 1085 2949 e.
1107 2915 1239 2949 multis
1258 2920 1348 2949 ante
1367 2914 1512 2949 festum
1535 2914 1706 2960 corporis
1731 2913 1878 2948 Christi

225 2972 381 3018 diebus,
400 2972 440 3006 in
458 2984 533 3018 qua
553 2973 704 3016 eadem,
725 2986 823 3019 quae
844 2974 905 3008 hic
926 2974 1065 3019 Nadal,
1085 2974 1154 3008 sed
1173 2974 1403 3019 elegantiori
1423 2976 1570 3009 calamo
1589 2979 1756 3008 enarrat.
1778 2973 1881 3008 Vide

227 3033 586 3073 BRAUNSBERGER,
611 3032 770 3067 Canisiz'
788 3035 920 3079 epist„
942 3035 973 3079 I,
994 3043 1076 3079 295.
