2038 3313
255 186 321 222 144
829 177 967 211 EPIST.
997 176 1041 210 P.
1069 174 1317 219 NADAL—46

249 280 417 323 dilecto
442 279 488 322 in
510 280 650 322 Chro.
681 278 807 321 fratri
829 279 1008 321 doctori
1031 280 1143 321 M.r0
1172 276 1451 332 Hieronymo
1474 275 1643 328 Natali,
1669 277 1901 320 sacerdoti

251 357 456 413 professo
480 356 683 400 eiusdem
707 355 964 407 Societatis,
990 355 1182 398 salutern
1206 354 1251 396 in
1273 355 1395 397 Dno.
1423 352 1757 408 sempiternam.
1781 354 1901 397 Cum

249 434 327 476 diu
351 435 636 488 multumque
658 433 874 488 probatae
896 432 1030 474 nobis
1059 439 1103 474 et
1131 438 1396 487 perspectae
1423 430 1543 473 vitae
1571 437 1676 473 tuae
1706 430 1905 487 integri-⁷

250 511 349 563 tati,
387 510 645 562 doctrinae,
677 517 722 553 et
759 509 805 551 in
843 510 979 552 rebus
1017 508 1230 564 gerendis
1268 507 1553 563 prudentiae,
1592 522 1709 562 quae
1746 514 1816 551 est
1852 507 1898 550 in

253 588 437 631 Christo
454 589 587 645 Jesu,
620 587 863 643 plurimum
902 587 1206 636 confidamus,
1238 592 1283 627 et
1318 584 1363 626 in
1390 584 1544 640 regnis
1574 585 1896 641 Hispaniarum

252 666 395 708 multa
423 664 513 707 sint
543 664 663 707 circa
690 678 925 720 personas,
958 664 1077 713 loca,
1110 662 1294 717 regulas
1325 661 1623 714 domesticas,
1656 662 1904 706 Societatis

251 741 618 793 constitutiones,
645 755 807 796 resque
829 741 954 794 alias,
977 754 1093 794 quae
1116 746 1273 782 nostra
1296 738 1566 794 praesentia,
1592 740 1667 782 uel
1690 739 1904 792 alicuius,

252 819 330 874 qui
351 825 550 862 mentem
568 825 771 861 nostram
789 817 974 860 omnino
993 815 1188 867 nouerit,
1210 823 1255 859 et
1272 822 1427 858 nostra
1444 816 1715 859 auctoritate
1733 817 1901 872 funga-

252 904 342 948 tur,
368 896 620 951 indigeant3
649 895 794 938 visum
818 902 887 938 est
910 895 955 936 in
977 896 1100 936 Dno.
1127 893 1356 949 expedire,
1377 900 1428 935 ut
1447 892 1530 935 tibi
1547 895 1632 936 hoc
1651 893 1818 946 oneris,
1845 895 1901 936 ad

252 973 337 1017 Dei
360 973 571 1030 gloriam,
592 980 637 1016 et
654 972 893 1017 Societatis
911 978 1094 1014 nostrae
1110 970 1389 1026 spiritualem
1407 970 1665 1023 utilitatem,
1692 971 1901 1013 commit-

253 1059 465 1094 teremus.
495 1051 592 1093 Nos
615 1050 754 1106 igitur
778 1057 821 1092 te
845 1049 889 1091 in
913 1048 1045 1091 dictis
1067 1047 1221 1104 regnis
1239 1047 1600 1091 commissarium
1618 1049 1895 1104 generalem,

252 1142 356 1170 cum
381 1127 504 1170 omni
527 1134 684 1169 nostra
706 1126 995 1177 auctoritate,
1023 1140 1157 1180 quam
1183 1140 1262 1180 per
1283 1125 1402 1168 sedis
1420 1125 1694 1180 apostolicae
1711 1139 1901 1168 conces—

251 1204 423 1247 sionem
447 1203 780 1246 communicare
802 1217 1064 1259 possumus,
1086 1202 1433 1255 constituentes,
1454 1209 1505 1244 ut
1523 1202 1605 1245 tibi
1627 1217 1801 1254 omnes,
1823 1202 1903 1257 qui

251 1283 337 1324 sub
367 1288 525 1324 nostra
552 1280 811 1324 obedientia
839 1287 969 1332 sunt,
1002 1279 1190 1336 perinde
1225 1287 1276 1322 ut
1305 1280 1460 1333 nobis,
1496 1280 1734 1332 obediant,
1768 1286 1814 1322 et
1851 1286 1900 1322 tu

251 1358 377 1401 iuxta
399 1365 596 1401 mentem
620 1365 838 1408 nostram,
866 1372 1001 1412 quarn
1032 1357 1170 1409 nosti,
1202 1364 1248 1400 et
1275 1358 1461 1400 omnino
1484 1364 1534 1399 ut
1562 1357 1609 1399 in
1634 1359 1757 1400 Dno.
1791 1370 1902 1399 con—

254 1435 410 1478 uenire
432 1435 598 1477 senties
622 1435 667 1477 in
691 1436 826 1477 rebus
849 1435 1061 1477 omnibus
1089 1434 1230 1477 libere
1261 1435 1418 1477 eadem
1448 1433 1720 1477 auctoritate
1746 1441 1903 1477 nostra

251 1621 423 1655 Decreta
441 1623 477 1654 et
495 1620 795 1655 Instrzcctiones.
817 1629 1040 1666 1540-1573,
1057 1620 1124 1654 fol.
1140 1619 1184 1664 37
1200 1619 1392 1655 v.——Vide
1407 1620 1627 1665 POLANCO‚
1647 1619 1812 1662 Clzron„
1829 1621 1907 1666 111,

250 1681 286 1724 6,
307 1692 344 1714 n.
366 1679 401 1725 3,
422 1680 489 1714 ubi
508 1681 604 1714 haec
622 1681 758 1715 habes:
781 1681 889 1714 «Hoc
908 1692 1009 1715 anno
1024 1681 1067 1715 P.
1089 1680 1357 1726 Hieronymus
1382 1679 1548 1724 Natalis,
1574 1691 1663 1714 cum
1683 1691 1731 1714 ex
1750 1679 1898 1726 Sicilia,

251 1738 418 1774 adducto
437 1750 571 1774 secum
591 1739 778 1784 Magistro
794 1739 1010 1774 Benedicto
1025 1739 1189 1784 Palmio,
1206 1740 1369 1774 Romam
1384 1739 1575 1783 venisset,
1591 1744 1631 1773 et
1649 1739 1698 1773 de
1713 1739 1901 1774 constitu-

249 1797 422 1832 tionibus
441 1809 485 1831 ac
504 1797 651 1842 regulis
671 1797 880 1832 Societatis
900 1810 988 1832 cum
1008 1798 1051 1832 P.
1080 1798 1248 1843 Ignatio,
1275 1790 1379 1844 quod
1403 1798 1625 1844 oportebat,
1652 1797 1901 1843 contulisset,

247 1858 295 1892 ab
315 1856 454 1891 eodem
473 1857 703 1902 instructus,
725 1862 765 1892 et
783 1869 852 1904 per
870 1863 1052 1904 patentes
1072 1858 1238 1902 litteras,
1258 1862 1396 1904 quarto
1415 1857 1502 1892 idus
1529 1856 1691 1903 Aprilis,
1711 1856 1902 1892 Commis-

247 1916 371 1951 sarius
390 1916 429 1950 in
450 1916 659 1962 Hispanias
678 1917 821 1952 missus
842 1922 917 1961 est,
939 1922 981 1952 ut
999 1917 1303 1953 constitutiones
1321 1928 1365 1952 ac
1383 1917 1539 1962 regulas
1559 1915 1704 1950 nostris
1722 1915 1902 1961 collegiis

249 1981 288 2010 et
306 1976 529 2010 hominibus
550 1976 759 2011 Societatis
779 1976 952 2011 traderet
971 1989 1015 2012 ac
1033 1977 1289 2013 declararet.»

319 2036 378 2070 De
398 2036 469 2069 hac
489 2035 675 2071 missione
695 2037 737 2071 P.
759 2037 882 2071 Nadal
903 2037 943 2072 in
962 2037 1192 2084 Hispaniam
1211 2043 1250 2072 et
1275 2036 1571 2081 Portugalliam,
1591 2036 1689 2070 haec
1703 2035 1816 2081 juvat
1837 2046 1916 2069 ex·-

245 2107 406 2141 cerpere
427 2107 475 2129 ex
495 2096 636 2131 litteris
656 2096 696 2131 S.
718 2097 861 2142 Ignatii
875 2097 923 2131 ad
938 2098 982 2132 Ρ.
1000 2098 1139 2143 Miron,
1161 2097 1385 2132 Lusitaniae
1404 2095 1701 2142 provincialem,
1719 2102 1738 2138 5
1756 2093 1902 2140 Aprilis

250 2153 340 2198 1553
357 2154 473 2189 datis:
496 2156 750 2202 «...Despues
768 2157 816 2192 de
837 2157 973 2192 scritto
992 2159 1029 2192 10
1053 2157 1102 2192 de
1127 2158 1238 2192 hasta
1261 2158 1365 2203 aqui,
1393 2155 1658 2191 entendiendo
1682 2166 1758 2201 que
1783 2165 1833 2188 no
1861 2165 1903 2188 se

248 2216 371 2260 partia
389 2215 423 2249 el
443 2225 591 2260 correo,
612 2228 653 2250 se
672 2217 720 2251 ha
740 2223 880 2263 puesto
899 2220 984 2252 e'sta
1003 2230 1052 2252 en
1068 2218 1102 2252 el
1119 2216 1367 2260 emboltorio,
1383 2215 1511 2250 donde
1528 2215 1685 2249 anadire
1702 2216 1722 2249 a
1737 2215 1774 2249 lo
1788 2213 1910 2248 dicho-

248 2285 323 2319 que
348 2285 389 2308 se
414 2276 533 2320 ynbia
558 2276 632 2310 alla
656 2277 690 2310 al
716 2277 759 2311 Ρ.
787 2277 862 2312 M.0
884 2277 1022 2322 Nadal,
1049 2289 1125 2324 que
1157 2278 1303 2312 lleuara
1334 2277 1390 2311 las
1415 2274 1735 2318 constitutiones,
1762 2285 1788 2319 y
1811 2273 1902 2307 dara

245 2332 369 2367 forma
388 2345 477 2378 para
498 2334 554 2368 los
574 2335 761 2380 collegios
781 2339 802 2370 o
822 2338 989 2381 scuelas,
1009 2348 1121 2371 como
1140 2337 1232 2371 bien
1257 2335 1483 2371 exercitado
1508 2346 1558 2369 en
1583 2335 1694 2378 ellas,
1714 2345 1739 2379 y
1758 2333 1901 2367 soltara'

247 2392 294 2426 de
315 2393 474 2438 palabra
494 2394 549 2427 las
569 2394 691 2429 dudas
716 2408 792 2442 que
820 2408 888 2442 por
913 2397 1049 2431 scritto
1072 2396 1343 2431 difficilmente
1368 2394 1523 2441 pueden
1543 2395 1723 2438 soltarse,
1749 2404 1775 2438 y
1793 2391 1901 2427 final-

250 2457 380 2485 mente
401 2452 560 2487 uisitara
579 2465 691 2489 como
710 2456 917 2490 comisario
936 2468 1009 2491 con
1029 2456 1119 2491 toda
1138 2457 1173 2491 la
1194 2455 1399 2491 autoridad
1423 2454 1471 2489 de
1497 2454 1545 2488 N.
1563 2454 1607 2488 P.
1628 2454 1686 2488 los
1711 2451 1900 2497 collegios

248 2510 296 2544 de
316 2511 499 2556 Portugal
520 2525 545 2558 y
563 2524 688 2558 casas,
708 2527 734 2560 y
753 2517 928 2550 tambien
949 2517 1004 2551 las
1023 2516 1156 2551 demas
1176 2515 1224 2550 de
1243 2516 1410 2561 Espafia.
1431 2514 1474 2548 Si
1493 2514 1574 2548 sale
1601 2514 1636 2548 la
1659 2516 1802 2547 cuenta
1825 2523 1908 2558 que-

246 2572 313 2603 3οἀ
334 2582 375 2604 se
395 2571 505 2615 haze,
528 2583 596 2618 por
615 2574 706 2608 todo
726 2575 839 2621 Mayo
860 2588 927 2610 sea
946 2588 994 2610 en
1013 2577 1241 2620 Barcelona,
1262 2574 1496 2609 detendrase
1522 2574 1558 2608 lo
1583 2585 1658 2619 que
1685 2571 1812 2618 pueda
1837 2570 1900 2605 del

247 2641 393 2664 verano
418 2642 466 2665 en
492 2633 549 2666 los
575 2635 764 2679 collegios
789 2635 837 2670 de
862 2637 1037 2682 Espafia,
1064 2649 1089 2682 y
1115 2648 1206 2682 para
1231 2637 1265 2670 el
1291 2635 1498 2682 ymbierno
1523 2636 1609 2668 sera
1633 2633 1729 2676 alla,
1761 2642 1835 2666 con
1866 2631 1902 2665 la

244 2689 377 2733 gracia
408 2690 553 2725 diuina.
582 2693 680 2727 Pero
706 2695 737 2728 si
764 2695 900 2730 ubiese
927 2696 1160 2730 necessidad
1186 2700 1367 2741 urgente,
1394 2695 1588 2729 scriuanle
1613 2691 1735 2727 desde
1760 2691 1834 2725 alla
1853 2701 1903 2724 en

251 2748 432 2782 Valentia
457 2753 478 2783 o
503 2750 645 2795 Osmte,
673 2765 763 2799 para
787 2767 862 2800 que
889 2767 930 2790 se
956 2756 1004 2790 de
1030 2755 1173 2802 priesa,
1199 2767 1225 2801 y
1251 2767 1300 2789 no
1324 2754 1462 2789 faltarzi
1487 2756 1658 2799 (aunque
1678 2762 1719 2785 es
1738 2751 1901 2785 hombre

250 2807 323 2840 mal
344 2811 453 2850 sano)
473 2808 520 2842 de
540 2822 586 2854 yr
605 2812 691 2855 alla,
707 2824 782 2858 que
802 2824 843 2847 es
864 2825 909 2847 su
933 2814 1085 2849 intento
1107 2814 1309 2860 principal.
1336 2814 1525 2858 Holgaria
1548 2811 1596 2845 N.
1624 2811 1667 2845 P.
1688 2821 1764 2856 que
1788 2808 1900 2843 fuese

248 2865 401 2909 llegado
422 2868 455 2901 01
478 2868 518 2902 Ρ.
542 2869 647 2915 Luys
667 2871 879 2917 GonzaleZ,
901 2876 923 2907 ύ
942 2886 1017 2920 que
1038 2886 1079 2909 se
1099 2874 1208 2909 uiese
1229 2886 1278 2908 en
1297 2875 1331 2908 el
1357 2873 1510 2908 camino
1530 2882 1603 2906 con
1623 2871 1673 2914 el,
1695 2869 1727 2904 si
1747 2867 1899 2914 posible

246 2927 345 2968 sesag
373 2938 465 2971 pero
492 2939 560 2973 por
586 2935 669 2964 este
696 2943 777 2965 mes
803 2944 875 2966 con
902 2934 936 2967 la
962 2933 1089 2979 ayuda
1116 2933 1249 2968 diuina
1275 2945 1316 2968 Se
1343 2932 1486 2979 partira
1510 2931 1558 2965 de
1578 2931 1714 2965 Roma.
1736 2928 1797 2962 No
1815 2926 1898 2961 dire

249 2989 334 3018 otro
354 2996 422 3030 por
441 2992 539 3031 esta,
561 2988 645 3022 sino
664 3002 739 3035 que
760 3003 820 3025 me
840 2997 952 3027 torno
972 2994 1112 3027 mucho
1136 2996 1157 3028 a
1182 2992 1443 3028 encomendar
1467 3002 1516 3026 en
1540 2992 1596 3026 las
1622 2988 1825 3024 oraciones
1850 2985 1900 3020 de
