2038 3313
297 159 345 204 78
879 163 1016 197 EP1sT.
1046 163 1088 197 P.
1120 164 1367 199 NADAL—zz

1081 401 1165 440 φρ

825 520 874 553 D.
904 519 1145 565 JOANNES
1174 522 1244 556 DE
1271 522 1417 557 VEGA

934 630 1103 656 PROREX
1122 630 1299 657 SICILIAE

716 724 767 765 Ρ.
811 724 1234 767 HIERONYMO
1274 725 1525 769 NADAL

764 835 991 887 Panormi,
1026 849 1076 889 14
1101 836 1270 892 Aprilis
1301 848 1411 892 1550
1439 840 1466 880 ¹.

286 963 321 988 Ι.
352 954 411 988 De
436 954 670 988 litterarum
695 955 1010 1001 apostolicarum
1030 956 1382 1001 expeditione.—2.
1404 958 1594 992 Facultas
1613 962 1691 1005 pro
1709 959 1942 995 lectionibus

359 1013 514 1058 dejure
533 1014 647 1048 civili
664 1017 700 1048 et
716 1015 919 1049 medicina
938 1015 1196 1049 instituendis
1226 1018 1541 1052 messanensibus
1551 1017 1710 1063 juratis
1739 1019 1938 1065 defertur.

360 1083 443 1118 —3.
465 1073 563 1107 Item
580 1077 656 1119 pro
675 1074 887 1109 lectoribus
904 1076 1193 1109 constituendis
1210 1076 1281 1110 snb
1298 1077 1415 1111 certis
1440 1078 1746 1113 conditionibus.

1115 1170 1121 1187 1

855 1230 1049 1272 Carolus
1071 1199 1121 1273 et³
1139 1233 1317 1288 Joanna
1340 1233 1370 1275 ².

414 1349 449 1379 Ι.
518 1337 783 1379 Renerende
800 1341 956 1379 orator
973 1339 1102 1394 regie
1119 1339 1286 1382 deuote.
1310 1340 1509 1383 Hauimo
1527 1341 1732 1397 reciputo
1751 1342 1781 1385 li
1798 1343 1940 1386 letere

285 1421 440 1457 vostre
462 1414 508 1457 di
530 1414 559 1456 li
584 1429 756 1458 xxv1111
781 1415 844 1457 dil
867 1422 1048 1470 passato
1071 1430 1157 1458 con
1181 1417 1318 1472 quelli
1341 1418 1398 1460 de
1421 1417 1450 1460 li
1478 1419 1711 1474 magnifici
1728 1420 1871 1475 jurati
1894 1421 1939 1463 di

286 1505 452 1548 quessa
474 1492 625 1535 nobile
648 1492 772 1543 citta,
800 1499 845 1535 et
866 1493 909 1535 la
932 1493 1061 1548 copia
1083 1493 1128 1535 di
1145 1508 1236 1536 vno
1253 1495 1467 1550 pubblico
1485 1504 1712 1540 contratto
1733 1498 1845 1540 fatto
1863 1498 1938 1541 alli

285 1568 368 1612 atti
385 1569 429 1611 di
446 1577 577 1612 notar
600 1570 706 1612 Ioan
725 1569 934 1613 Vicentio
956 1571 1179 1623 Gaetano,
1200 1571 1245 1613 di
1263 1571 1293 1613 li
1316 1572 1439 1626 quali
1460 1574 1653 1616 essendo
1677 1582 1795 1618 stata
1826 1576 1938 1618 fatta

284 1646 343 1688 ad
366 1646 445 1689 nui
463 1647 696 1698 relatione,
719 1653 764 1689 et
780 1646 985 1690 discusso
1015 1647 1044 1689 il
1063 1648 1263 1703 negotio,
1295 1651 1646 1705 responderemo
1664 1666 1749 1695 con
1768 1653 1810 1695 la
1833 1668 1937 1709 pre-

286 1730 416 1766 sente
438 1738 567 1766 como
591 1724 629 1766 si
650 1725 709 1766 ha
726 1723 904 1779 rispuso
926 1724 1001 1767 alli
1022 1724 1123 1767 ditti
1147 1726 1378 1781 magnifici
1394 1727 1534 1782 jurati
1556 1729 1613 1770 ad
1637 1736 1756 1772 tutto
1785 1730 1936 1785 quello

284 1803 385 1844 sera
407 1801 558 1857 degno
580 1801 625 1843 di
648 1807 852 1856 resposta
869 1807 914 1843 et
933 1801 1195 1857 prouisioni.
1219 1804 1275 1845 Et
1299 1804 1455 1858 prima,
1477 1812 1648 1859 quanto
1667 1806 1740 1849 alli
1763 1821 1934 1863 exequ-

284 1877 387 1919 torii
409 1878 466 1920 de
489 1878 518 1919 li
542 1878 776 1933 apostolici
805 1878 933 1930 bulli,
973 1880 998 1921 e
1031 1886 1149 1922 stato
1186 1880 1244 1922 da
1281 1880 1356 1923 noi
1379 1881 1584 1924 ordinato
1612 1884 1697 1926 che
1734 1884 1771 1926 si
1802 1899 1933 1940 espe-

283 1955 470 1998 discano
489 1963 533 1998 et
556 1955 594 1997 si
616 1955 915 2011 espediranno
943 1971 1044 1998 cnm
1068 1957 1287 1999 clausula:
1315 1959 1459 2001 saluis
1477 1959 1669 2014 juribus
1697 1963 1932 2018 vtrz'usque

277 2034 431 2088 partis
453 2048 606 2075 coram
625 2034 858 2089 delegatis,
882 2034 1079 2077 secondo
1102 2034 1216 2077 altra
1237 2036 1360 2078 volta
1379 2035 1427 2077 fu
1450 2051 1530 2092 per
1551 2037 1627 2079 noi
1650 2039 1868 2094 prouisto.

375 2123 415 2153 2.
483 2110 531 2155 Si
553 2113 612 2153 ha
635 2110 812 2166 rispuso
835 2117 880 2153 et
897 2111 1003 2154 dato
1027 2111 1223 2154 autorita
1245 2127 1270 2155 a
1293 2112 1394 2155 ditti
1423 2114 1653 2170 magnifici
1677 2115 1817 2171 jurati
1848 2118 1932 2160 che

283 2202 478 2243 possano
501 2188 598 2230 fare
628 2188 780 2243 legere
818 2187 863 2229 in
901 2203 1065 2243 quessa
1102 2188 1210 2231 citta
1244 2190 1292 2231 in
1315 2189 1430 2245 jure
1468 2192 1595 2233 ciuili
1617 2196 1656 2234 et
1688 2193 1929 2245 medicina,

281 2265 524 2307 dnmmodo
546 2280 637 2307 non
660 2265 698 2308 si
720 2265 886 2308 habbia
908 2265 953 2308 di
974 2280 1106 2309 vsare
1134 2266 1341 2309 nisciuna
1364 2268 1478 2310 altra
1506 2270 1863 2324 preheminentia
1886 2279 1931 2313 et

273 2342 587 2398 jurisdittione
610 2342 852 2398 pertinenti
876 2358 901 2386 a
928 2343 1068 2385 studii
1096 2343 1312 2399 pubblici,
1344 2346 1466 2388 cussi
1495 2360 1625 2389 como
1648 2347 1726 2389 vui
1755 2354 1799 2390 et
1829 2348 1929 2390 ditti

283 2419 515 2476 magnifici
532 2420 671 2475 jurati
694 2420 739 2462 ni
762 2421 805 2462 lo
828 2422 993 2463 hauete
1020 2421 1272 2477 supplicato
1294 2428 1339 2464 et
1361 2423 1650 2476 domandato,
1678 2439 1758 2480 per
1779 2426 1928 2469 finche

282 2511 362 2552 per
384 2497 459 2539 noi
481 2497 538 2540 de
555 2497 740 2552 justicia
767 2499 889 2539 serra
918 2497 1121 2553 prouisto
1150 2512 1236 2540 con
1268 2506 1429 2553 questo
1461 2502 1546 2542 che
1568 2501 1668 2543 ditti
1698 2502 1928 2558 magnifici

274 2574 416 2629 jurati
439 2574 634 2617 habiano
657 2574 702 2616 di
725 2575 818 2617 fare
840 2575 882 2617 la
904 2574 1201 2617 nominationi
1229 2576 1284 2618 de
1306 2576 1336 2618 li
1359 2577 1530 2632 legenti
1552 2585 1597 2620 et
1624 2579 1773 2633 quella
1802 2594 1828 2622 a
1850 2580 1929 2622 nui

281 2652 518 2694 tramettiti
541 2667 620 2708 per
643 2652 900 2694 confirmari
923 2652 1059 2707 quelli
1082 2654 1166 2695 che
1189 2668 1214 2695 a
1236 2653 1314 2695 nui
1333 2656 1478 2709 parra.

374 2743 413 2784 3.
483 2730 716 2772 Laudamo
756 2736 799 2772 et
838 2731 1180 2773 commandamo
1216 2731 1258 2773 la
1295 2732 1598 2775 conuentione
1635 2733 1747 2776 fatta
1785 2749 1863 2789 per
1885 2736 1928 2778 lo

356 2858 365 2876 ¹
419 2855 476 2889 Ex
496 2856 719 2901 apographo
738 2866 899 2899 coaevo,
921 2855 960 2890 in
979 2855 1109 2900 Epist.
1128 2856 1284 2897 Princ.,
1307 2857 1383 2890 vol.
1401 2856 1451 2900 II,
1471 2856 1586 2891 unico
1601 2856 1666 2891 fol.
1689 2867 1733 2902 24
1751 2860 1840 2903 (91).

353 2918 366 2936 '2
419 2915 585 2950 Carolus·
598 2916 644 2955 V,
666 2915 890 2961 imperator,
913 2920 951 2949 et
971 2916 1135 2960 Joanna,
1158 2914 1242 2960 ejus
1262 2920 1399 2960 mater,
1425 2927 1588 2962 quorum
1608 2917 1765 2952 nomine
1787 2929 1926 2964 prorex

279 2975 488 3010 faucltates
507 2974 545 3009 in
565 2975 730 3021 epistola
747 2980 1071 3010 commemoratas
1090 2976 1408 3010 messanensibus
1428 2976 1625 3021 elargitur.
