2038 3313
752 211 796 247 23
822 213 1071 248 DECEMBRJS
1102 212 1188 257 1561
1726 211 1796 258 583

231 327 273 368 4.
341 316 539 359 Herrera
561 317 618 359 he
642 315 888 367 reseibido,
914 318 983 358 sta
1005 315 1182 370 quieto,
1209 329 1315 357 ereo
1337 315 1378 357 16
1401 314 1601 359 embiare
1623 319 1650 358 ἐι
1673 316 1794 358 Ara—

141 396 256 448 ζόη,
283 407 456 448 perque
478 407 535 436 en
558 399 680 437 estos
704 407 907 436 rumores
935 407 995 435 no
1024 406 1210 448 patesce
1238 406 1288 435 56
1315 392 1464 435 embie
1493 396 1519 435 ἑ
1550 393 1789 449 Portugal.

234 480 274 524 5.
341 471 431 513 Los
454 485 543 526 que
567 472 623 514 V.
651 472 705 514 R.
738 470 839 515 dize
867 471 1047 526 pueden
1077 469 1260 522 aiudar,
1293 473 1320 512 0
1349 484 1408 512 no
1437 470 1642 526 pueden,
1675 473 1702 513 ὁ
1730 485 1791 513 110

142 562 275 599 osan,
301 554 389 590 etc.
421 549 491 592 De
523 547 679 591 visitas
710 549 900 605 Aragc'm
929 550 994 590 est
1021 547 1318 590 tantumdem:
1348 548 1455 590 todo
1485 561 1535 591 se
1564 549 1622 590 ha
1650 547 1791 590 cami-

142 625 281 677 nado,
318 641 347 681 y
379 641 438 668 no
471 640 657 681 paresee
691 633 789 669 otro
822 625 972 669 medio
1004 624 1104 668 sino
1137 625 1179 669 el
1209 639 1298 680 que
1321 626 1378 668 he
1400 624 1551 667 dicho:
1579 625 1620 669 el
1643 626 1791 687 Sefior

141 707 241 748 56Γὲ
263 717 349 751 con
372 710 596 747 nosotros.
630 703 729 746 Ora
746 709 835 760 pro
860 717 941 756 me,
966 704 1126 745 Pater.

228 782 298 825 De
321 781 502 834 Alceste,
536 792 586 835 17
610 782 666 824 de
691 781 961 825 Deziembre
991 781 1117 835 1561.

741 861 812 903 De
836 860 888 902 V.
916 860 969 901 R.
997 857 1148 902 sieruo
1172 873 1229 902 en
1253 860 1369 911 X.0‚

1230 936 1259 994 †
1291 937 1479 979 NADAL.
1518 934 1546 992 ᾧ

1366 995 1394 1052 1

228 1096 315 1136 Por
337 1100 436 1136 otra
459 1092 647 1136 seriuire
670 1094 743 1136 del
767 1092 967 1136 nublado
995 1094 1003 1113 ¹
1031 1090 1127 1135 mes
1157 1091 1581 1148 particularmente,
1608 1107 1637 1147 y
1660 1106 1709 1135 es
1732 1106 1790 1135 en

137 1187 313 1215 summa
336 1173 482 1216 fuerte
510 1171 744 1223 auersic'm,
773 1171 974 1213 fundada
1003 1186 1060 1214 en
1090 1170 1187 1213 zelo
1220 1170 1293 1213 del
1324 1169 1454 1223 bien,
1489 1169 1562 1212 del
1596 1169 1786 1222 letradog

138 1265 233 1293 mas
256 1256 428 1305 quanto
452 1254 477 1292 ἐι
501 1250 543 1292 10
566 1250 622 1293 (16
645 1250 731 1292 aua
755 1264 813 1291 no
837 1263 885 1293 65
908 1252 1006 1291 mais
1030 1248 1086 1291 de
1109 1246 1337 1300 auersien,
1365 1253 1452 1291 ete.

227 1328 371 1370 Nulla
395 1328 704 1383 inscriptione,
728 1342 808 1369 uec
830 1327 979 1383 sigilli
1000 1327 1206 1383 vestigio,
1231 1326 1339 1367 haec
1368 1325 1554 1381 epistola
1576 1325 1791 1367 distincta

133 1409 211 1448 est.
256 1407 296 1448 T
291 1409 451 1447 antam
486 1407 534 1447 ιἰι
566 1407 659 1447 ima
692 1420 775 1447 om
809 1406 947 1460 quart
962 1418 1002 1446 ze
1025 1405 1254 1461 paginae,
1284 1403 1393 1445 haec
1414 1402 1613 1458 propria
1643 1416 1787 1445 manu

134 1484 318 1540 scripsit
341 1484 436 1539 ipse
460 1485 518 1525 P.
549 1483 719 1525 Nadal:
743 1485 795 1526 P.
823 1484 858 1525 F
862 1493 951 1525 r.C0

891 1683 1010 1724 16ss

640 1776 688 1809 D.
718 1774 998 1811 RUIGOMEZ
1028 1776 1098 1810 DE
1126 1775 1286 1810 SILVA

467 1872 680 1914 PATRI
731 1846 1172 1914 HIERONYMO
1212 1871 1457 1914 NADAL

572 1980 765 2032 Matriti,
795 1993 848 2035 23
873 1979 1141 2024 Decembris
1170 1981 1275 2034 1561
1304 1980 1336 2022 ⁶².

183 2076 278 2121 Qua
299 2077 455 2111 ratione
476 2077 618 2110 Patris
638 2075 775 2110 Nadal
795 2076 958 2123 negotia
977 2076 1089 2122 apud
1108 2075 1270 2122 regium
1289 2076 1476 2109 senatum
1491 2074 1728 2120 promoveri

375 2138 522 2182 queant
540 2148 630 2171 cum
653 2137 700 2170 P.
723 2137 857 2171 Araoz
874 2148 913 2170 se
932 2135 1171 2170 deliberasse
1190 2135 1365 2170 breviter
1384 2134 1535 2169 innuit.

946 2213 967 2247 ,Γ

889 2252 1022 2308 Jhus.

223 2342 283 2384 Al
305 2355 413 2396 muy
437 2341 551 2384 Rdo.
579 2342 750 2392 Sefior,
776 2340 818 2384 61
842 2341 923 2383 Ρ.θ
952 2339 1121 2391 Nadal,
1147 2337 1410 2382 comissario
1432 2338 1489 2382 (16
1519 2338 1561 2381 la
1584 2339 1783 2394 Compa-

138 2423 213 2462 fiia
235 2420 458 2476 (16]65115.

219 2498 290 2539 Yo
323 2497 477 2552 llegue
509 2500 613 2552 aqui
652 2497 848 2548 anoche,
890 2512 918 2552 y
952 2502 1050 2538 esta
1083 2500 1280 2537 mafiana
1311 2493 1460 2537 embie
1492 2497 1518 2536 ἐι
1551 2493 1708 2536 llamar
1741 2492 1782 2534 al

134 2577 183 2618 P.
212 2575 387 2627 Araoz,
419 2588 447 2628 y
478 2579 693 2617 tratamos
725 2574 783 2617 de
814 2573 858 2615 10
891 2587 980 2628 que
1010 2588 1060 2616 56
1093 2572 1251 2628 podria
1282 2573 1418 2614 hezer
1450 2571 1584 2613 sobre
1616 2571 1658 2613 10
1693 2582 1783 2625 que

203 2756 211 2775 ¹
266 2752 476 2796 Videlicet,
496 2753 545 2787 de
570 2754 741 2799 procella
765 2758 902 2788 contra
928 2753 1168 2788 Societatem
1187 2757 1227 2787 et
1249 2751 1290 2785 S.
1318 2750 1571 2786 Franciscum
1597 2749 1783 2793 excitata,

128 2813 176 2848 de
195 2825 271 2860 qua
298 2812 491 2848 videndae
523 2812 714 2858 epistolae
743 2821 823 2857 119,
863 2813 943 2856 128,
979 2811 1060 2855 133,
1091 2811 1172 2856 134,
1204 2818 1285 2855 151,
1323 2818 1402 2854 155,
1436 2815 1475 2844 et
1506 2809 1780 2856 appendicem,

129 2885 166 2908 n.
197 2873 289 2908 XVI
308 2879 348 2908 et
366 2885 475 2920 seqq.

196 2936 210 2954 ‘2
262 2934 320 2968 Ex
339 2933 577 2979 apographo,
598 2932 638 2967 in
657 2933 775 2980 Hisp.
797 2934 927 2980 Epist.
950 2932 1055 2976 1561.
1078 2930 1328 2967 [IL—Initio
1348 2930 1539 2976 epistolae
1564 2929 1627 2964 hic
1646 2929 1784 2965 titulus

127 2993 296 3039 scriptus
315 2997 389 3028 est:
415 2991 541 3039 Copia
560 2993 606 3028 de
626 3004 707 3029 vna
725 2995 841 3029 carta
860 2994 906 3029 de
927 2992 1015 3040 Ruy
1038 2991 1185 3028 Go'mez
1198 2994 1309 3039 para
1334 2991 1370 3027 el
1397 2991 1468 3026 Ρ]
1491 2989 1641 3027 Nadal.
1668 2990 1783 3027 Rece-

130 3052 224 3090 bida
242 3064 290 3087 en
310 3052 468 3091 Alcalci.
