2038 3313
316 226 386 266 754
948 217 1087 257 Ems‘r.
1117 216 1160 256 Ρ.
1189 215 1340 256 NADAI.

313 317 599 372 appellebant
621 332 782 361 versus
800 317 1064 370 Messinam,
1090 315 1127 359 si
1151 316 1267 360 forte
1284 317 1330 358 in
1354 316 1482 360 littus
1500 316 1724 361 transilire
1741 317 1960 371 valerent,

312 376 480 420 relictis
503 377 601 420 aliis
623 377 801 421 eminus
829 378 956 420 iuxta
985 375 1241 420 Calabriam
1271 375 1467 433 <saepius
1497 385 1649 421 autem
1678 377 1963 434 praedixerat

313 439 449 480 Pater
471 437 517 479 in
541 439 695 480 Monte
719 439 810 480 alto
834 437 943 493 ipsis
966 435 1239 478 monialibus
1262 443 1529 480 eventuram
1552 437 1855 481 calamitatem
1879 437 1962 480 ali-

310 510 461 551 quam,
488 496 594 551 quia
617 497 984 540 reformationem
1008 494 1105 538 fieri
1128 496 1317 549 nollent,
1343 497 1594 552 perdebant
1617 504 1770 541 autem
1794 504 1958 540 terram

309 563 569 612 augustam,
591 556 790 599 Domino
809 557 873 599 sic
891 555 1193 612 disponente).
1217 557 1378 599 Patres
1401 571 1512 612 ergo
1531 564 1575 600 et
1594 558 1772 610 fratres,
1798 557 1959 600 viden—

308 623 376 659 tes
414 616 577 672 globos
610 623 942 659 tormentorum
965 615 1127 672 igneos
1156 615 1275 657 ultro
1304 615 1510 671 citroque
1539 616 1745 669 volitare,
1780 617 1959 661 ferven-

309 675 398 718 tius
421 676 627 718 orabant.
650 675 739 719 Vix
762 683 915 720 autem
935 682 1147 731 quartum
1166 676 1303 718 horae
1321 675 1517 731 spatium
1536 677 1790 728 effluxerat,
1812 690 1959 731 quan·

306 736 364 778 do
382 734 534 778 subito
551 750 600 778 se
617 736 893 791 elongarunt
911 750 936 778 a
954 734 1169 787 Messina,
1190 743 1235 777 et
1252 735 1484 778 elevantes
1501 736 1618 788 vela,
1639 751 1718 792 per
1737 737 1956 791 Pharum,

307 794 490 839 Scillam
509 801 554 839 et
572 794 804 838 Caribdim
824 795 1083 847 transirent,
1107 794 1221 837 adeo
1238 801 1288 837 ut
1306 802 1411 851 post
1434 797 1590 839 horam
1613 796 1689 839 vix
1713 795 1958 852 quicquam

306 854 502 910 amplius
524 862 776 911 appareret.

394 916 460 957 Ita
476 929 589 971 ergo
606 914 833 958 Dominus
849 929 929 971 per
947 913 1176 957 orationes
1195 912 1437 958 Societatis
1455 914 1536 972 (uti
1555 914 1627 971 pie
1644 915 1767 958 credi
1786 919 1956 974 potest)

303 988 616 1018 messanenses
639 989 664 1017 a
687 974 878 1017 canibus
906 973 1132 1026 liberavit,
1165 973 1228 1016 ita
1250 980 1301 1016 ut
1332 973 1468 1017 iidem
1491 974 1537 1017 in
1570 974 1770 1031 ipsorum
1805 977 1956 1021 reditu

304 1034 503 1090 binoque
537 1034 731 1077 transitu
763 1033 955 1090 amplius
979 1048 1073 1076 non
1096 1033 1317 1077 auderent
1347 1034 1512 1086 facere,
1538 1035 1849 1089 quamtumvis
1871 1052 1956 1081 suo

301 1101 491 1150 aspectu
514 1109 733 1150 magnum
756 1094 968 1137 omnibus
992 1092 1197 1136 timorem
1222 1093 1535 1137 incussissent.
1564 1095 1666 1138 Hoc
1688 1103 1842 1140 autem
1870 1097 1953 1141 be—

301 1153 514 1198 neficium
541 1161 635 1197 tota
657 1168 838 1209 quoque
861 1153 1024 1197 civitas
1046 1168 1126 1209 per
1164 1152 1394 1196 orationes
1423 1161 1687 1197 nostrorum
1710 1171 1758 1199 se
1788 1169 1949 1201 conse—

300 1220 452 1257 cutam
476 1213 618 1257 libere
643 1207 887 1258 fatebatur.

672 1417 1058 1461 NAUFRAGIUM
1108 1417 1321 1460 PATRIS
1370 1417 1567 1461 NADAL

784 1508 845 1537 ET
879 1508 1006 1537 MORs
1040 1494 1222 1537 Ismom
1259 1496 1462 1538 BELLINI

878 1570 1162 1629 Junio-Julio
1191 1582 1296 1626 1551
1329 1572 1357 1615 ¹.

292 1650 342 1686 P.
373 1649 603 1686 Wisclzaven
620 1650 763 1685 suadet
789 1649 911 1684 Patri
937 1647 1074 1683 Nadal
1097 1649 1405 1695 navigationem
1434 1650 1478 1684 in
1502 1650 1944 1698 Africam.——Isidorus

361 1700 480 1734 illum
512 1698 702 1733 comitari
728 1696 1136 1744 postulat.—Annuit
1163 1696 1430 1732 Nadal.—P.
1467 1698 1698 1736 Wisclza-ven
1725 1702 1942 1736 adversum

362 1748 429 1782 illi
446 1758 583 1782 casum
599 1746 886 1793 praenuntiat.

379 1813 524 1855 Paulo
548 1819 653 1855 ante
670 1812 808 1854 fiebat
831 1810 952 1866 apud
971 1809 1230 1866 viceregem
1248 1810 1420 1854 mentio
1439 1811 1495 1854 de
1513 1811 1736 1857 mittendo
1756 1816 1943 1859 Patrem

288 1873 496 1916 Natalem
527 1871 573 1914 in
606 1871 826 1922 Africam,
859 1871 981 1925 quod
1004 1884 1108 1913 cum
1134 1869 1390 1926 praecipuis
1421 1871 1634 1915 Patribus
1657 1880 1703 1917 et
1726 1874 1943 1918 fratribus

286 1931 612 1988 proposuisset,
639 1945 863 1986 quaerens
886 1929 995 1986 quid
1013 1929 1097 1986 ipsi
1121 1929 1358 1983 sentirent,
1385 1931 1534 1986 pauci,
1556 1931 1647 1975 imo
1671 1934 1765 1977 fere
1788 1935 1943 1978 nullus

283 1999 395 2043 erat,
418 1992 492 2034 cui
514 1991 748 2035 videretur
769 1990 893 2045 quod
916 1989 1016 2041 iret,
1042 1988 1129 2032 nisi
1147 1989 1230 2032 soli
1256 1989 1380 2033 Patri
1399 1998 1555 2033 nostro
1575 1992 1608 2034 ².
1637 1994 1768 2036 Tunc
1791 1993 1941 2050 inquit

287 2054 339 2096 P.
367 2051 541 2095 Natalis
565 2067 572 2094 :
604 2050 874 2106 «Quomodo
900 2056 947 2091 tu
972 2063 1151 2105 semper
1181 2048 1395 2093 dissentis
1419 2051 1476 2093 ab
1505 2051 1655 2094 aliis?›>
1689 2053 1777 2096 Cui
1802 2056 1942 2098 Pater

283 2111 517 2167 respondit
539 2127 547 2154 ε
579 2110 735 2162 «Dico,
762 2109 926 2165 inquit,
957 2112 1107 2161 Pater,
1134 2110 1256 2164 quod
1284 2109 1434 2153 sentio
1458 2126 1466 2153 :
1489 2112 1546 2154 V.
1576 2113 1630 2154 R.
1659 2112 1799 2156 faciat
1817 2115 1941 2169 quod

284 2171 510 2214 Dominus
533 2170 574 2213 ei
604 2169 887 2225 inspirabit.»

373 2230 594 2287 Magister
611 2229 828 2280 Isidorus,
850 2242 1064 2270 romanus
1083 2227 1174 2283 (qui
1192 2227 1388 2283 logicam
1407 2229 1573 2272 ibidem
1598 2232 1934 2289 profitebatur),

282 2290 411 2346 petiit
441 2289 676 2346 congredi,
709 2289 747 2331 si
778 2296 929 2332 tamen
958 2288 1020 2329 ita
1048 2287 1335 2331 obedientiae
1364 2288 1612 2342 videretur,
1646 2306 1749 2334 narn
1780 2291 1827 2333 in
1854 2307 1937 2335 so-

281 2350 402 2392 cium
426 2350 511 2392 sibi
534 2349 660 2391 illum
690 2351 739 2391 P.
767 2347 943 2391 Natalis
965 2361 1145 2390 sumere
1168 2348 1373 2402 volebat3
1411 2350 1491 2392 sed
1518 2350 1761 2393 momordit
1790 2351 1935 2395 Isido-

282 2425 381 2452 rum
405 2408 700 2461 conscientia‚
726 2407 941 2450 dubitans
963 2421 1072 2448 num
1101 2414 1261 2449 contra
1284 2409 1433 2451 Deum
1459 2408 1657 2462 fecisset,
1685 2412 1807 2465 quod
1831 2418 1930 2454 tan—

281 2478 439 2525 topere
462 2468 717 2519 institisset,
743 2475 794 2509 ut
816 2466 881 2510 ire
899 2473 1052 2522 posset
1070 2480 1173 2508 cum
1194 2468 1331 2510 Patre
1353 2469 1532 2511 Natale.
1554 2470 1801 2513 Consuluit
1818 2485 1931 2527 ergo

281 2531 462 2573 Patrem
487 2535 692 2570 nostrum
716 2542 851 2582 super
880 2528 966 2569 hac
988 2541 1053 2577 re,
1087 2525 1160 2568 cui
1190 2534 1388 2570 mentem
1412 2542 1539 2571 suam
1570 2529 1816 2585 aperiebat.
1844 2530 1931 2573 Cui

283 2591 417 2632 Pater
434 2587 610 2639 annuit,
631 2587 712 2631 sed
735 2594 903 2636 tamen,
925 2585 1093 2640 inquit:
1119 2587 1249 2628 «Non
1273 2588 1462 2629 consulo
1486 2595 1536 2630 ut
1559 2603 1651 2641 eas,
1673 2589 1758 2632 nisi
1782 2590 1931 2633 adhuc

279 2649 417 2693 semel
440 2649 496 2690 de
519 2647 700 2702 integro
724 2654 847 2688 tuam
871 2644 1203 2688 confessionem
1228 2647 1489 2701 generalem
1519 2647 1632 2691 velis
1661 2663 1926 2693 renovare.»

279 2708 405 2752 Fecit
429 2722 539 2763 ergo
563 2708 649 2748 hoc
668 2706 881 2756 Isidorus,
904 2712 949 2749 et
966 2704 1148 2759 quidem
1169 2705 1455 2749 exactissime
1473 2721 1480 2759 ;
1502 2721 1592 2761 quo
1610 2708 1746 2760 facto,
1767 2723 1929 2753 omnes

277 2768 697 2810 animadverterunt
734 2765 867 2808 solito
905 2764 1031 2806 illum
1069 2778 1170 2807 esse
1202 2765 1451 2809 laetiorem.
1490 2768 1547 2808 Et
1584 2766 1732 2823 inquit
1769 2769 1927 2812 Pater:

279 2827 531 2882 «Disponas
550 2833 594 2869 te
612 2841 704 2868 non
719 2824 849 2868 aliter
867 2825 923 2867 ad
941 2826 1058 2867 hanc
1076 2824 1403 2879 profectionem
1423 2840 1557 2880 quam
1576 2825 1613 2868 si
1632 2826 1712 2869 tibi
1731 2828 1786 2870 ad
1805 2842 1928 2870 mor—

276 2894 383 2937 tem,
410 2900 489 2928 seu
515 2884 780 2941 martyrium
804 2884 1006 2926 eundum
1031 2898 1131 2926 esse
1154 2890 1385 2939 putares.»

348 2985 354 3003 ¹
408 2983 465 3016 Ex
483 2985 726 3026 transumpto
745 2978 839 3013 Cod.
858 2987 915 3019 25,
933 2977 998 3014 fol.
1017 2977 1305 3023 234,235.Vide
1322 2979 1519 3014 Notitiam
1536 2982 1731 3023 codicum,
1748 2993 1837 3029 pag.
1852 2991 1920 3021 Lx.

273 3030 420 3064 --Vide¹
440 3030 557 3063 etiam
578 3039 707 3073 supra,
729 3026 844 3072 epist.
866 3025 925 3069 33,
945 3025 991 3070 34
1010 3031 1049 3061 et
1068 3025 1128 3070 35.

343 3081 355 3099 ²
409 3078 471 3113 Sc.
493 3076 599 3112 Patri
618 3075 801 3110 Cornelio
823 3074 1081 3110 XVischaven.
